4717 6400
811 681 938 746 500

1138 832 1343 881 Aflvv
1358 832 1516 881 Harl.
1544 840 1685 895 ²797·

812 925 1004 984 XXV.
1050 924 1307 984 Caecum
1333 943 1369 982 a
1387 925 1681 982 natiuitate
1713 935 2018 982 sanaturus

894 1020 1083 1079 lucem
1125 1019 1330 1077 mundi
1375 1037 1435 1077 se
1480 1017 1618 1078 dicit
1660 1036 1837 1094 quem
1879 1034 2018 1076 cum

894 1114 1295 1173 inluminasset
1317 1115 1501 1172 multa
1520 1113 1836 1191 pharisaeis
1854 1112 2017 1170 anxi-

894 1219 1043 1269 etate
1088 1209 1326 1267 turbatis
1376 1219 1550 1286 atque
1603 1207 2017 1284 quaerentibus

895 1305 1020 1381 ipse
1043 1305 1118 1361 ab
1140 1303 1487 1363 inluminato
1511 1304 1782 1380 cognitus
1813 1301 2015 1360 adora-

893 1410 1002 1458 tur.

815 1492 1036 1551 XXVI.
1082 1492 1202 1564 Qui
1233 1511 1352 1551 non
1384 1492 1552 1550 intrat
1575 1491 1762 1567 inquit
1783 1491 1844 1548 in
1865 1490 2016 1549 ouile

894 1606 999 1663 per
1016 1588 1228 1646 ostium
1237 1586 1330 1645 fur
1346 1595 1628 1662 estseque
1648 1585 1784 1644 dicit
1802 1584 2016 1644 ostium

895 1691 953 1740 et
988 1692 1279 1758 pastorem
1324 1681 1523 1739 ouium
1564 1698 1675 1756 pro
1715 1679 1924 1757 quibus
1955 1697 2015 1737 se

896 1794 1060 1834 suam
1103 1776 1359 1834 animam
1406 1775 1730 1852 positurum
1772 1785 1830 1831 et
1875 1773 2018 1832 alias

895 1888 1040 1929 oues
1061 1869 1446 1928 adducturum
1476 1867 1812 1945 pronuntiat
1834 1878 1896 1926 ut
1920 1868 2018 1926 fiat

897 1981 1078 2023 unum
1107 1964 1259 2023 ouile
1287 1981 1440 2021 unus
1469 1971 1687 2039 pastor.

816 2058 1074 2117 XXVII.
1118 2058 1470 2117 Potestatem
1515 2056 1728 2117 babere
1778 2074 1840 2113 se
1887 2053 2018 2113 dicit

897 2153 1152 2230 ponendi
1226 2170 1294 2210 ac
1367 2150 1690 2210 resumendi
1761 2148 2018 2207 animam

899 2265 1062 2305 suam
1140 2246 1290 2305 facta
1306 2263 1543 2323 quoque
1567 2244 1809 2303 encenia
1829 2242 2018 2300 hiero—

899 2341 1137 2416 solymis
1160 2342 1302 2415 inter
1325 2339 1505 2398 multa
1527 2357 1677 2416 quae
1706 2337 2019 2415 pharisaeis

900 2436 1326 2495 sciscitantibus
1382 2435 1602 2493 dixerat
1659 2435 1739 2490 ait
1795 2449 1908 2507 ego
1963 2440 2019 2487 et

898 2542 1063 2608 pater
1108 2548 1290 2588 unum
1341 2546 1543 2587 sumus
1586 2536 1644 2586 et
1688 2525 1851 2584 multi
1896 2543 2018 2583 cre-

900 2624 1165 2682 diderunt
1195 2624 1254 2681 in
1283 2639 1432 2681 eum.

819 2718 1105 2777 XXVIII.
1178 2717 1465 2776 Lazarum
1550 2714 2021 2793 quadriduanum

899 2824 1194 2873 mortuum
1216 2811 1594 2871 suscitaturus
1616 2808 1868 2867 dormire
1887 2806 2021 2865 dicit

901 2926 1078 2986 quem
1102 2925 1316 2983 magna
1332 2922 1481 2964 uoce
1503 2903 1816 2963 clamando
1834 2919 2022 2960 resus-

902 3003 1087 3062 citans
1118 3000 1261 3059 solui
1292 2999 1448 3057 iubet
1478 3008 1534 3057 et
1563 2998 1724 3055 abire
1761 2995 2023 3073 plurimis

905 3095 1268 3155 credentibus
1295 3112 1368 3151 ex
1398 3093 1635 3151 iudaeis.

824 3190 1047 3250 XXIX.
1092 3189 1404 3249 Pontifices
1427 3186 1707 3246 aduersus
1727 3203 1863 3245 eum
1883 3203 2024 3244 con-

904 3286 1092 3344 silium
1150 3284 1431 3360 colligunt
1486 3284 1548 3341 in
1606 3299 1726 3358 quo
1783 3279 2026 3356 caiphas

905 3397 1087 3438 unum
1146 3377 1357 3437 debere
1417 3376 1564 3436 mori
1625 3394 1734 3452 pro
1800 3371 2025 3450 populo

905 3473 1268 3552 prophetizat
1285 3483 1341 3531 et
1359 3481 1494 3530 ante
1513 3489 1614 3529 sex
1634 3469 1759 3528 dies
1774 3466 2025 3545 paschae

907 3576 1167 3645 ungento
1195 3566 1375 3643 pedes
1404 3563 1627 3623 domini
1666 3560 2027 3639 perfundun-

905 3673 996 3721 tur
1024 3662 1097 3720 de
1127 3661 1290 3719 cuius
1329 3658 1515 3735 pretio
1555 3656 1726 3714 iudae
1764 3672 2027 3713 murmur

904 3755 1176 3832 arguitur.

825 3849 1020 3910 XXX.
1064 3848 1270 3907 Turba
1306 3864 1442 3905 cum
1484 3845 1660 3903 ramis
1700 3844 2027 3921 palmarum

908 3960 1221 4004 occurrens
1242 3940 1451 4000 clamat
1470 3957 1695 3999 osanna
1744 3938 1868 4015 ipse
1886 3955 2028 3995 uero

891 4155 1054 4204 XXV.
1091 4152 1261 4203 mondi
1287 4152 1356 4200 H.

891 4219 1085 4269 XXVI.
1121 4221 1465 4281 inquit÷per
1500 4217 1654 4265 Harl.
1729 4215 2027 4279 possiturum

828 4288 897 4335 H.
964 4288 1116 4336 ouile
1137 4300 1224 4333 sec.
1241 4296 1278 4332 4-
1292 4289 1341 4332 et
1364 4283 1417 4330 H
1441 4282 1597 4332 Harl.
1631 4281 1800 4330 Thone.

892 4350 1112 4400 XXVII.
1136 4347 1465 4398 hierosolimis
1476 4347 1529 4395 H
1544 4363 1556 4403 ς
1585 4363 1619 4396 4
1634 4347 1844 4396 etHarl.
1857 4346 2028 4395 Thom.

826 4416 1046 4467 farisaeis
1070 4416 1141 4465 H.
1209 4414 1499 4463 scitantibus
1524 4413 1677 4461 Harl.

894 4481 1143 4532 XXVIII.
1202 4479 1578 4544 quatriduanum
1636 4478 1789 4525 Harl.
1857 4474 2027 4525 Thone.

829 4550 1008 4598 solut:
1046 4546 1196 4595 soluit
1233 4545 1303 4604 H,
1339 4544 1476 4593 uolui
1512 4543 1575 4591 Y.
1659 4542 2028 4597 >credentibus

829 4614 1054 4679 plurimis
1087 4610 1274 4662 Har-L*

893 4679 1090 4729 XXIX.
1124 4676 1391 4727 concilium
1437 4674 1498 4723 Y.
1568 4689 1709 4732 quo:
1764 4690 1825 4723 co
1870 4673 2026 4722 Harl.

828 4744 1171 4861 egiaphsshoY.
1239 4741 1423 4855 Ραεοῑῖς
1463 4740 1713 4854 IIIIYHarI.
1782 4747 2030 4802 unguento

886 4828 954 4860 ar
974 4849 985 4860 .
1125 4825 1189 4858 m.
1262 4822 1378 4872 prae
1401 4822 1451 4855 ιο
1581 4842 1592 4853 .

1769 660 2224 724 CAPITULA
2280 659 2399 720 IN
2437 656 3082 719 EUANGELIUM

2273 828 2492 878 OECQIJ
2499 824 2877 889 (breues)OTX.

3140 828 3253 878 Uat.
3267 828 3415 877 Alex.
3428 830 3522 891 14(
3534 850 3577 868 =
3597 828 3880 892 Thom.1.p.
3893 832 4025 890 344).

2203 919 2466 980 Caecum
2560 938 2631 978 ex
2731 919 3023 978 natiuitate
3131 919 3237 978 lX.
3281 919 3372 979 De
3400 938 3580 980 caeco
3609 939 3645 979 a
3673 921 3985 979 natiuitate.

2284 1025 2462 1074 curat.

2204 1493 2406 1553 VIIII.
2451 1492 2542 1552 De
2563 1494 2737 1552 ianua
2754 1502 2812 1552 et
2828 1492 3022 1551 houili.

2207 2249 2317 2306 Per
2354 2249 2780 2308 dedicationem
2820 2250 3023 2306 ambu-

2284 2343 2412 2402 lans
2468 2344 2529 2401 in
2588 2343 2802 2419 templo
2854 2361 2917 2401 se
2969 2351 3026 2400 et

2286 2445 2512 2511 patrem
2569 2434 2794 2493 hunum
2862 2451 3025 2492 aesse

2287 2529 2438 2589 dicit.

2206 2717 2298 2775 De
2329 2717 2532 2776 Lazari
2564 2717 3001 2776 resurrectione.

2129 3475 2213 3531 X.
2246 3474 2467 3531 Maria
2483 3478 2689 3543 pedes
2709 3476 2843 3531 Ihu
2861 3476 3031 3530 hun·

2292 3569 2442 3637 guit
2463 3573 2573 3626 aet
2595 3570 2861 3639 capillis
2889 3570 3033 3625 suis

2292 3664 2610 3732 extergit.

2212 3851 2310 3910 Ihs
2340 3868 2515 3928 super
2541 3850 2811 3910 hasinum
2839 3850 3002 3909 sedit.

2199 4143 2345 4193 VIII.
2381 4157 2480 4192 ex:
2517 4159 2544 4190 a
2564 4141 2617 4189 1*
2632 4142 2696 4190 Χ.
2765 4142 2954 4191 curauit
2976 4143 3030 4188 J.

2196 4208 2372 4259 VIIII.
2411 4213 2469 4258 et·
2485 4209 2698 4259 hou-ili:
2724 4206 2870 4258 ouilis
2883 4209 2917 4256 J
2924 4205 3032 4262 0¹⁸:

2128 4289 2221 4325 orn.
2247 4280 2307 4323 et
2327 4274 2394 4324 Θ.
2451 4289 2553 4331 per
2582 4275 3031 4322 dedicationem:

2132 4339 2519 4405 predicationem
2529 4337 3029 4403 O*(sedcorrectum).

2130 4405 2454 4455 deambulans
2477 4403 2766 4453 tFOIJOx.
2818 4407 2821 4410 ’

2195 4472 2262 4520 Χ.
2298 4470 2439 4519 unxit
2460 4470 2538 4529 X;
2572 4469 2748 4518 deinde
2774 4485 2865 4519 om.
2892 4477 2941 4518 et
2966 4471 3031 4516 O.

2130 4536 2330 4587 extersit
2353 4536 2409 4587 J.
2482 4536 2670 4584 asinam
2695 4535 2767 4582 ff.

3130 1492 3223 1552 De
3258 1495 3448 1564 ianua,
3480 1494 3635 1568 ouili,
3669 1505 3727 1553 et
3755 1506 4005 1572 pastore.

3127 1589 3205 1647 Et
3227 1589 3300 1647 de
3329 1598 3613 1665 potestate
3634 1589 3863 1649 animae
3890 1609 4027 1649 suae

3211 1682 3468 1760 ponendi
3476 1701 3607 1742 eam
3617 1694 3675 1742 et
3694 1684 4026 1762 accipiendi.

3129 2247 3241 2305 Per
3280 2246 3709 2304 dedicationem
3748 2242 4029 2302 deambu-

3212 2341 3339 2399 lans
3378 2341 3437 2398 in
3476 2338 3700 2416 templo
3742 2356 3802 2397 se
3836 2347 3894 2395 et
3927 2355 4029 2412 pa-

3211 2445 3360 2493 trem
3389 2452 3572 2492 unum
3602 2450 3732 2492 esse
3760 2431 3914 2490 dicit.

3129 2718 3206 2776 Et
3258 2716 3462 2776 Lazari
3520 2716 3930 2776 dormitatione
3975 2725 4031 2773 et

3215 2811 3634 2871 resurrectione
3690 2822 3746 2870 et
3804 2807 4029 2868 Mariae

3212 2907 3631 2967 consolatione.

3133 3192 3373 3269 Propter
3403 3189 3564 3268 quod
3594 3187 3850 3265 Caiphas
3889 3204 4029 3246 con·

3215 3287 3401 3345 silium
3425 3285 3525 3343 dat
3541 3283 3774 3342 Iudaeis
3789 3293 3853 3341 ut
3872 3282 4033 3340 Iesus

3215 3380 3529 3440 occidatur.
3696 3432 3700 3436 ⁴

3133 3475 3206 3534 X.
3255 3474 3443 3532 Maria
3472 3473 3652 3550 pedes
3675 3471 3807 3530 Iesu
3829 3470 4035 3546 unguit

3214 3581 3273 3627 et
3322 3568 3569 3643 extergit
3617 3565 3837 3643 capillis
3880 3565 4032 3634 suis3

3216 3661 3374 3721 unde
3423 3672 3482 3719 et
3525 3662 3597 3720 de
3642 3678 3784 3718 nece
3828 3658 4033 3717 Lazari

3217 3757 3508 3835 principes
3536 3757 3949 3832 cogitauerunt.

3136 3854 3300 3912 Iesus
3329 3870 3503 3929 supra
3535 3851 3766 3909 asinum
3795 3847 3958 3908 sedit.

3144 4071 3395 4079 ----
