4717 6400
982 698 1009 742 1
1024 698 1060 746 2
2132 686 2196 752 S.
2233 688 2474 750 HIER
2484 686 2798 752 ONI'MI

976 853 1276 921 Ecclesia
1320 866 1548 922 autem
1594 878 1767 941 quae
1803 879 2003 942 supra
2047 870 2307 943 petram
2351 860 2608 926 domini
2649 881 2814 926 uoce
2856 861 3134 926 fundata
3176 870 3298 939 est,
3341 881 3546 944 quam
3592 861 3966 929 introduxit

974 979 1095 1024 rex
1157 960 1221 1024 in
1284 961 1659 1027 cubiculum
1709 983 1902 1026 suum
1956 972 2024 1028 et
2073 965 2159 1028 ad
2207 985 2410 1047 quam
2460 986 2578 1049 per
2630 965 2927 1029 foramen
2982 965 3426 1030 descensionis
3474 967 3733 1032 occulte
3787 969 3971 1032 misit

973 1084 1247 1129 manum
1278 1085 1491 1143 suam,
1519 1066 1750 1131 similis
1781 1067 2159 1132 dammulae
2190 1067 2596 1153 hinnuloque
2625 1090 2994 1147 ceruorum,
3025 1079 3342 1152 quattuor
3371 1069 3649 1135 flumina
3679 1072 3972 1154 paradisi

971 1167 1177 1233 instar
1220 1179 1543 1245 eructanS,
1575 1180 1888 1253 quattuor
1933 1180 2000 1234 et
2045 1171 2325 1255 angulos
2366 1182 2435 1238 et
2469 1173 2710 1237 anulos
2745 1174 2969 1251 habet,
3002 1193 3120 1258 per
3150 1194 3319 1257 quos
3349 1174 3538 1257 quasi
3583 1195 3735 1239 arca
3767 1182 3972 1239 testa·

913 1296 942 1346 5
972 1273 1177 1336 menti
1208 1283 1276 1337 et
1307 1285 1533 1339 custos
1564 1273 1727 1359 legis
1759 1275 2011 1340 domini
2043 1275 2239 1359 lignis
2279 1276 2640 1342 mobilibus
2665 1256 2986 1343 uehitur.⁸
3006 1277 3264 1341 Primus
3294 1278 3595 1342 omnium
3628 1278 3970 1343 Mattheus

968 1385 1069 1440 est
1122 1376 1510 1460 publicanus
1559 1389 2004 1462 cognomento
2053 1380 2243 1455 Leui,
2291 1382 2416 1465 qui
2460 1382 2881 1467 euangelium
2942 1382 3008 1445 in
3063 1381 3316 1447 Iudaea
3366 1381 3613 1446 hebreo
3666 1402 3971 1446 sermone

967 1479 1198 1555 edidit,
1229 1483 1319 1547 ob
1364 1503 1596 1563 eorum
1642 1482 1748 1548 uel
1795 1484 2092 1548 maxime
2136 1504 2408 1550 causam
2451 1487 2568 1570 qui
2615 1487 2683 1550 in
2730 1486 2954 1550 Iesum
3000 1486 3422 1551 crediderant
3466 1507 3556 1550 ex
3603 1485 3867 1550 Iudaeis
3898 1496 3968 1552 et

965 1604 1384 1669 nequaquam
1429 1587 1594 1670 legis
1639 1587 1875 1652 umbra
1921 1589 2319 1653 succedente
2365 1589 2694 1673 euangelii
2747 1591 3099 1655 ueritatem
3152 1590 3531 1655 seruabant.
3621 1588 3971 1655 Secundus

964 1688 1233 1754 Marcus
1263 1691 1586 1776 interpres
1614 1691 1905 1775 apostoli
1939 1692 2116 1756 Petri
2163 1703 2232 1758 et
2262 1691 2770 1759 Alexandrinae
2810 1693 3127 1759 ecclesiae
3162 1694 3413 1778 primus
3455 1692 3824 1778 episcopus,
3853 1695 3967 1777 qui

880 1817 941 1854 ιο
965 1793 1309 1858 dominum
1355 1797 1628 1878 quidem
1673 1797 2074 1862 saluatorem
2123 1796 2266 1880 ipse
2309 1817 2442 1861 non
2489 1798 2677 1875 uidit,
2719 1799 2838 1862 sed
2884 1818 2966 1862 ea
3009 1817 3181 1881 quae
3227 1798 3619 1880 magistrum
3666 1798 3970 1863 audierat

962 1899 1460 1980 praedicantem
1512 1900 1704 1964 iuxta
1751 1898 1958 1965 fidem
2022 1902 2241 1983 magis
2293 1910 2635 1985 gestorum
2684 1902 2975 1966 narrauit
3029 1921 3229 1985 quam
3285 1901 3608 1966 ordinem.
3696 1900 3966 1966 Tertius

962 2000 1185 2065 Lucas
1217 2004 1531 2081 medicus,
1560 2004 1828 2069 natione
1863 2002 2078 2087 Syrus
2110 2003 2605 2083 Antiochensis,
2638 2007 2823 2070 cuius
2864 2005 3008 2070 laus
3054 2006 3121 2069 in
3160 2005 3532 2089 euangelio,
3562 2004 3678 2088 qui
3716 2015 3784 2071 et
3823 2006 3967 2089 ipse

960 2106 1321 2189 discipulus
1368 2108 1659 2189 apostoli
1711 2107 1897 2172 Pauli
1954 2109 2023 2171 in
2071 2106 2380 2172 Achaiae
2437 2107 2887 2193 Boeotiaeque
2937 2110 3238 2194 partibus
3291 2108 3603 2173 uolumen
3652 2110 3968 2201 condidit,

959 2211 1292 2291 quaedam
1336 2208 1534 2276 altius
1579 2200 1886 2295 repetens
1915 2221 2003 2288 et,
2043 2220 2117 2275 ut
2165 2212 2306 2294 ipse
2354 2212 2422 2275 in
2468 2212 2814 2296 prohemio
2858 2212 3231 2291 confitetur,
3262 2212 3488 2278 audita
3520 2213 3732 2296 magis
3762 2234 3966 2296 quam

873 2331 933 2382 15
962 2313 1102 2376 uisa
1132 2315 1532 2380 describens.
1624 2315 1921 2382 Ultimus
1955 2315 2284 2379 Iohannes
2315 2315 2664 2399 apostolus
2694 2326 2761 2381 et
2809 2317 3235 2402 euangelista,
3264 2336 3467 2400 quem
3501 2316 3687 2380 Iesus
3717 2304 3969 2382 amauit

959 2416 1339 2500 plurimum,
1389 2421 1502 2501 qui
1550 2440 1751 2503 super
1800 2430 2035 2504 pectus
2079 2419 2336 2484 domini
2391 2420 2781 2485 recumbens
2825 2421 3178 2505 purissima
3223 2420 3671 2487 doctrinarum
3718 2418 3968 2485 fluenta

956 2522 1238 2604 potauit,
1278 2532 1347 2588 et
1375 2523 1488 2606 qui
1529 2524 1707 2589 solus
1748 2526 1834 2589 de
1870 2544 2061 2589 cruce
2108 2523 2353 2587 meruit
2395 2523 2627 2589 audire
2675 2524 2851 2590 Ecce
2896 2535 3110 2590 mater
3154 2533 3293 2589 tua.
3386 2523 3454 2588 Is
3500 2543 3653 2588 cum
3692 2532 3865 2588 esset
3897 2525 3964 2588 in

921 2640 929 2653 “
957 2623 1128 2689 Asia
1149 2608 1225 2689 ‘et
1257 2627 1388 2690 iam
1420 2637 1577 2693 tunc
1607 2626 2051 2693 hereticorum
2081 2629 2335 2691 semina
2366 2626 2785 2710 pullularent,
2812 2626 3110 2693 Cerinthi
3144 2627 3468 2693 Hebionis
3493 2636 3559 2691 et
3591 2636 3964 2692 ceterorum

957 2728 1071 2810 qui
1113 2741 1357 2812 negant
1394 2730 1731 2797 Christum
1779 2733 1846 2796 in
1890 2752 2089 2798 carne
2119 2732 2396 2806 uenisse,
2427 2750 2598 2813 quos
2642 2740 2710 2796 et
2751 2732 2895 2816 ipse
2940 2733 3006 2796 in
3050 2731 3338 2817 epistula
3380 2750 3503 2796 sua
3544 2731 3965 2796 antichristos

870 2854 935 2891 20
959 2843 1157 2899 uocat
1185 2844 1251 2898 et
1282 2835 1623 2919 apostolus
1656 2836 1898 2901 Paulus
1926 2837 2301 2919 frequenter
2331 2835 2633 2918 percutit,
2663 2845 2933 2900 coactus
2973 2847 3072 2901 est
3105 2836 3192 2901 ab
3223 2834 3531 2901 omnibus
3562 2854 3777 2919 paene
3806 2845 3966 2900 tunc

1023 3032 1067 3072 1.
1099 3020 1280 3071 eclesia
1301 3022 1368 3073 Θ.
1423 3039 1572 3089 super
1586 3023 1701 3075 ΑΥ.
1748 3030 1943 3089 petrum
1966 3024 2031 3075 Υ.
2080 3031 2139 3081 >
2163 3023 2358 3074 domini

860 3158 871 3171 ,
952 3113 1077 3148 noce
1100 3115 1248 3164 supra
1271 3107 1460 3166 petram
1478 3100 1541 3153 ς.

1021 3194 1064 3232 2.
1100 3182 1424 3246 discensionis
1471 3182 1594 3234 KM·
1636 3201 1771 3246 aun,
1824 3193 1872 3237 et
1921 3185 2095 3237 -tionis
2148 3184 2209 3235 Ε.
2275 3200 2358 3236 oc·

950 3259 1115 3310 cultae
1136 3261 1182 3310 E
1204 3261 1355 3312 Hier.
1419 3278 1515 3313 om.
1537 3267 1696 3314 misit
1721 3265 1780 3316 Ε.

1018 3346 1066 3395 3.
1097 3334 1378 3386 danunuele
1410 3335 1487 3396 E3
1525 3337 1759 3387 damulae
1791 3337 1889 3389 Θς
1923 3338 2073 3388 Hier.
2140 3339 2352 3388 hinnu·

950 3413 1120 3470 loquo
1136 3413 1265 3462 codd.
1275 3414 1351 3478 pl.
1372 3421 1422 3463 et
1441 3415 1546 3466 edd.
1565 3416 1757 3481 (-laque
1783 3416 1841 3477 E,
1862 3415 2145 3480 hynuloque
2162 3415 2224 3477 C,
2240 3415 2352 3465 kin-

951 3490 1009 3552 13,
1040 3490 1148 3539 inn-
1175 3492 1280 3542 ΗΥ
1299 3509 1434 3556 aur„
1455 3494 1528 3543 in·
1552 3494 1664 3556 ΘΤ,
1697 3494 1971 3559 daz-tinguit
1988 3495 2039 3543 Y
2059 3493 2353 3543 dammulah

949 3567 1125 3620 innulo
1159 3572 1276 3633 que)
1317 3587 1382 3621 ex
1421 3572 1568 3623 Cant.
1609 3572 1664 3624 ii.
1704 3586 1752 3637 9.
1789 3583 1866 3636 17,
1897 3572 1957 3637 ql
1982 3572 2086 3622 viii.
2116 3584 2179 3632 14
2218 3572 2361 3636 Fuge

950 3648 1133 3700 dilecte
1158 3650 1244 3699 ‘mi
1280 3657 1331 3700 et
1370 3651 1643 3702 assimilare
1694 3666 1875 3716 caprae
1912 3650 2218 3716 hinnuloque
2255 3668 2359 3702 cer-

948 3740 1153 3779 uorum:
1202 3728 1521 3780 hinnulorum
1560 3730 1624 3780 A.
1710 3743 2010 3780 neruorum
2046 3741 2085 3779 -ι-
2120 3743 2216 3793 que
2244 3730 2353 3780 CT.

948 3812 1161 3870 quatuor
1173 3805 1235 3867 ς’,
1256 3807 1502 3871 quadtuor
1521 3806 1584 3867 C,
1607 3813 1903 3873 quatuorum
1929 3807 1987 3857 Ε.
2029 3807 2273 3873 paradissi
2295 3807 2355 3857 E.

1013 3898 1061 3947 4.
1095 3892 1359 3935 eructuans
1384 3885 1439 3934 H
1463 3901 1581 3937 aur.
1648 3893 1861 3950 quatuor
1884 3883 1988 3946 Εἴ,
2021 3885 2271 3950 quadtuor
2293 3885 2357 3942 C.

949 3967 1091 4011 11110‘
1122 3961 1183 4012 T.
1249 3963 1356 4013 ffi‘c
1382 3965 1589 4028 explicit
1618 3963 1812 4013 collatio
1841 3963 2016 4013 codice}
2044 3962 2107 4013 T.
2175 3979 2271 4013 om.
2293 3968 2354 4014 et

945 4046 1063 4090 ante
1085 4044 1323 4099 angulos
1346 4041 1590 4102 EKM'5‘3
1628 4041 1834 4107 angelos
1855 4041 1928 4091 H.
1972 4040 2185 4091 annulos
2198 4041 2350 4092 Hier.

945 4118 1008 4169 ς’.
1074 4118 1261 4170 habens
1282 4135 1416 4181 aar„
1442 4120 1577 4169 item.
1601 4134 1760 4183 marg.
1788 4119 1846 4168 in
1871 4119 2018 4169 Hier.
2053 4120 2189 4170 Uall.
2256 4134 2351 4170 om.

944 4197 1185 4254 qnasiE.
1230 4213 1360 4249 area
1380 4214 1493 4247 oum
1518 4196 2027 4248 BCEHKM'aur-.5·
2040 4197 2225 4249 Ilien:
2267 4213 2359 4262 per

944 4289 1111 4326 aream
1133 4274 1247 4327 ΑΥ.

1011 4371 1057 4422 5.
1092 4366 1260 4410 custus
1281 4358 1422 4409 CEY
1436 4373 1554 4409 aur.
1627 4357 1788 4423 legnis
1802 4364 1900 4423 pro
1921 4356 2012 4423 lig·-
2039 4356 2099 4408 Ε.
2169 4360 2351 4408 mobi-

941 4437 1098 4488 libus
1131 4437 1739 4500 ABCEHY(mouilibus)
1779 4452 1914 4497 aur„
1942 4437 2061 4486 item
2098 4435 2227 4485 codd.
2269 4443 2348 4501 ap.

950 4516 1118 4567 Uala:
1152 4517 1496 4567 immobilibus
1528 4515 1696 4566 ΚΜἙ·
1717 4515 1884 4577 Hier„
1907 4516 2037 4565 codd.
2060 4520 2141 4578 ap.
2185 4514 2353 4576 Uall.;

938 4594 1213 4645 emendatio
1228 4611 1324 4644 esse
1340 4595 1549 4644 uidetur
1566 4601 1627 4644 ut
1647 4594 1827 4643 melius
1839 4609 1952 4643 cum
1970 4592 2134 4644 Exod.
2153 4608 2264 4643 xxv,
2293 4607 2311 4640 1
2320 4607 2348 4657 5

940 4672 1201 4732 concordet,
1227 4673 1359 4738 quod
1382 4673 1499 4722 hacc
1534 4673 1678 4738 lzssgna
1706 4687 1899 4737 semper
1919 4676 2058 4721 erunt
2080 4671 2131 4719 in
2154 4671 2352 4721 circulis

939 4766 1035 4802 nec
1060 4767 1277 4816 unquam
1305 4752 1619 4802 extrahentur
1634 4752 1700 4801 ab
1720 4748 1825 4809 eis;
1858 4756 1907 4799 et
1926 4755 2187 4813 propterea
2214 4749 2350 4799 Uall.

940 4830 1086 4879 imm·
1110 4831 1167 4878 in
1190 4836 1384 4879 textum
1405 4830 1596 4894 recepit,
1615 4846 1677 4879 ex
1697 4830 1992 4879 auctom‘tate
2007 4827 2347 4879 Martianaei.

940 4908 1157 4974 primum
1182 4908 1239 4957 Ε.
1285 4912 1571 4958 mattheus
1587 4907 1775 4971 KM'Y,
1792 4915 1840 4958 et
1860 4906 2089 4957 matheus
2104 4904 2349 4956 ABCEH

938 5001 1083 5037 aun:
1114 4985 1392 5036 matthaeus
1413 4986 1462 5037 5·
1481 4987 1633 5040 Hier.

1005 5063 1055 5116 6.
1086 5064 1432 5130 aeuungelium
1455 5065 1515 5114 E.
1592 5064 1739 5115 iudea
1760 5064 1806 5114 E
1825 5081 1943 5116 aur.
2017 5064 2233 5115 hebraeo
2252 5063 2350 5114 ΥΘ·

937 5139 1090 5193 Hier.
1172 5149 1271 5209 pro
1305 5140 1443 5194 hebr.
1478 5157 1620 5193 serm.
1655 5142 1810 5193 edidit
1844 5144 1913 5194 ob
1949 5158 2052 5194 eor.
2091 5141 2175 5192 uel
2212 5157 2346 5192 max.

936 5220 1082 5270 habet
1116 5227 1321 5271 tantum
1357 5222 1613 5272 ebreorum
1651 5221 1852 5272 nomine
1883 5221 1965 5273 uel
2004 5222 2220 5272 maxime
2251 5236 2347 5271 ser·

937 5313 1087 5350 mone
1110 5300 1168 5349 E.

1000 5390 1050 5444 7.
1084 5376 1188 5428 hob
1237 5377 1300 5430 C.
1336 5391 1431 5428 om.
1468 5381 1564 5429 uel
1601 5377 1661 5429 C.
1735 5393 1961 5431 caussam
1994 5377 2159 5439 Hier„
2196 5393 2347 5429 eausa

931 5453 1043 5508 ΟΥ.
1079 5459 1207 5515 qui:
1239 5477 1334 5530 que
1357 5459 1418 5508 E.
1433 5458 1518 5506 ihu
1536 5456 1580 5506 E
1595 5473 1711 5510 aur.
1725 5458 1916 5508 ihesum
1929 5457 1993 5508 Θ.
2032 5456 2342 5507 crediderunt

2620 3024 2667 3073 8.
2684 3038 3044 3083 nequaquam
3062 3020 3426 3072 BCEHKM‘?
3439 3020 3610 3071 Hier-‚2
3627 3020 3965 3086 nequidquam

2552 3100 2620 3164 Υ,
2652 3102 2870 3165 -icqnam
2902 3117 3042 3162 aar„
3069 3101 3255 3165 -iquam
3293 3100 3359 3149 A.
3427 3099 3655 3148 umbram
3692 3097 3735 3147 C
3775 3098 3960 3159 Hier.;

2550 3183 2754 3231 umbra
2767 3192 2806 3233 4·
2819 3180 2901 3231 uel
2913 3181 2972 3242 E,
2983 3178 3356 3231 deindeomittit
3370 3192 3525 3243 usquc
3540 3176 3615 3227 ad
3624 3173 3958 3228 ecclesiastiea

2549 3266 2716 3309 narrat
2755 3259 2979 3309 historia.
3070 3258 3327 3309 secedente
3362 3255 3411 3306 5·
3424 3271 3441 3315 3
3497 3255 3840 3306 succedentem
3885 3256 3958 3305 H.

2549 3338 2763 3388 ueritate
2785 3337 2885 3388 CK
2907 3338 3059 3388 Hier.
3124 3341 3386 3387 aeruauant
3407 3334 3466 3384 B.

2615 3430 2662 3481 9.
2699 3415 2927 3466 marchas
2944 3415 3004 3467 C.
3072 3414 3339 3479 interpr-aes
3354 3412 3405 3461 Υ
3420 3427 3538 3461 aur.
3605 3410 3959 3462 alaxandr‘mae

2548 3487 2616 3544 Υ.
2682 3493 2893 3545 eclesiae
2914 3493 2980 3554 Θ,
3003 3491 3272 3544 aecclesiae
3292 3505 3411 3540 aur.

2618 3584 2695 3623 ιο.
2733 3579 2791 3629 >
2808 3572 3034 3622 audierat
3055 3571 3348 3636 magistrum
3367 3568 3431 3619 ς’.

2617 3663 2694 3701 11.
2727 3651 2856 3701 iusta
2873 3649 3023 3700 fidem
3044 3665 3162 3699 aar.
3197 3653 3516 3707 ceston-uma
3549 3651 3956 3696 testamentorum

2547 3731 2609 3782 C.
2675 3732 2936 3782 hordinem
2961 3730 3021 3780 C.

2616 3823 2693 3860 12.
2727 3811 3140 3860 antiochensis:
3174 3823 3208 3857 n
3237 3822 3325 3857 sec.
3355 3812 3467 3869 sup.
3495 3805 3591 3855 lin.
3623 3804 3722 3864 M'3
3754 3803 3956 3855 anthio-

2546 3887 2655 3949 ΒΘ,
2677 3887 2977 3937 antiocensis
3000 3886 3064 3946 Υ,
3087 3883 3430 3935 antheocensis
3448 3899 3568 3933 aur.

2617 3980 2693 4029 13.
2731 3973 2789 4023 >
2807 3965 2948 4031 pauli
2969 3963 3187 4029 apostoli
3222 3962 3343 4014 ΗΘ.
3411 3961 3705 4026 boetiaeque
3738 3959 3957 4011 ΒΘΚΝΓ

2544 4043 2902 4110 aur.(—thiae);
2939 4043 3171 4108 boetique
3192 4042 3325 4102 AY3
3358 4039 3709 4106 bithyniaeque
3741 4039 3792 4090 5·
3820 4033 3954 4091 codd.

2542 4130 2623 4187 ap.
2633 4123 2766 4173 Uall.
2788 4123 2910 4187 (non
2922 4122 3093 4184 text.);
3108 4120 3237 4171 etsie
3248 4118 3355 4169 edd.
3369 4117 3638 4168 Hailbrun
3656 4117 3800 4182 1476,
3813 4117 3959 4166 Wild

2542 4201 2601 4250 de
2637 4200 2880 4251 Ratisbon
2930 4199 3074 4262 1481,
3105 4198 3287 4247 Kcslcr
3321 4197 3466 4260 1487,
3499 4194 3769 4260 Paganini
3803 4203 3948 4259 1497,

2542 4279 2702 4328 Sacon
2728 4290 2852 4341 1515
2875 4284 2924 4327 et
2948 4289 3075 4341 1519
3101 4279 3224 4339 (non
3244 4281 3414 4324 autem
3436 4272 3730 4323 Mar-eschol
3749 4275 3920 4336 1531).

2612 4370 2687 4421 14.
2723 4359 2928 4407 altius:
2985 4362 3006 4405 t
3048 4361 3159 4419 sup.
3211 4355 3306 4404 lin.
3357 4353 3421 4402 Υ.
3504 4351 3732 4417 proemio
3780 4349 3953 4409 ΘΚΥ,

2540 4435 2765 4501 praemio
2786 4434 2847 4495 Β,
2870 4432 3133 4499 prooemio
3155 4432 3206 4483 5·
3225 4430 3380 4481 Hier.

2611 4526 2686 4576 15.
2719 4511 2949 4562 iohannis
2964 4526 3096 4571 aun,
3113 4510 3318 4560 ioannes
3332 4507 3483 4558 Hier.
3518 4519 3708 4566 quem:
3726 4505 3874 4557 duem
3888 4505 3950 4556 C.

2610 4589 2686 4641 16.
2720 4605 2893 4649 snper
2909 4588 3054 4639 ACY
3069 4603 3187 4638 aur.
3208 4604 3222 4640 2
3262 4602 3411 4651 supra
3435 4583 3754 4635 BHOKM'S'
3769 4584 3917 4634 Hier.

2538 4689 2564 4723 e
2586 4673 2694 4724 Iole.
2718 4673 2822 4722 xiii.
2851 4687 2876 4721 a
2885 4687 2932 4737 5.

2609 4762 2686 4816 17.
2721 4752 2945 4817 portauit
2967 4749 3031 4800 Υ.
3099 4762 3254 4814 quum
3276 4745 3324 4796 Θ
3345 4745 3495 4796 Hier.

2609 4832 2685 4879 18.
2720 4829 3077 4880 haereticorum
3118 4826 3169 4877 θ’·
3206 4825 3357 4876 Hier.
3423 4824 3773 4882 pullularent
3814 4819 3946 4871 codd.

2528 4908 2675 4971 plur.
2724 4907 2890 4973 (pulu-
2928 4905 2998 4970 Θ)
3039 4905 3090 4956 5·
3121 4903 3308 4954 Hiera
3349 4909 3534 4952 -assent
3566 4902 3631 4950 A.
3698 4901 3946 4950 cerinthi

2543 4987 2699 5048 (cher·
2732 5002 2868 5044 aur..
2904 4983 3111 5036 cherinti
3147 4983 3216 5045 θ’)
3256 4980 3388 5032 codd.
3412 4981 3591 5044 plura:
3635 4977 3854 5029 oerenthi
3896 4978 3948 5028 A

2539 5061 2736 5128 (Tisch.
2741 5070 3006 5129 perperam
3023 5059 3193 5122 -inthn
3214 5058 3306 5108 ΒΥ
3318 5074 3334 5119 ;
3367 5074 3413 5109 c.
3431 5069 3469 5107 4-
3482 5064 3662 5107 etanr.
3716 5055 3946 5107 heuionis

2539 5140 2596 5198 B,
2619 5140 2811 5191 ebionis
2833 5141 2982 5191 Hier.
3048 5146 3351 5190 caeterorum
3373 5135 3423 5187 ς’
3442 5135 3595 5186 Hier.

2607 5233 2683 5284 19.
2718 5234 2812 5268 om.
2834 5222 2959 5277 ipso
2981 5217 3041 5268 C.
3097 5213 3313 5281 epistola
3334 5213 3437 5264 ΘΚ
3469 5213 3534 5263 Υ·
3556 5228 3671 5264 aur.
3688 5211 3751 5262 ‘3'-
3798 5213 3943 5261 anti·

2535 5301 2776 5349 christoe
2797 5295 2846 5346 5·
2868 5296 3018 5346 Hier.
3035 5301 3084 5346 et
3103 5294 3208 5345 anti
3230 5297 3358 5359 xpos
3378 5292 3528 5353 codd„
3551 5291 3840 5342 antixristos
3860 5290 3941 5341 O:

2534 5375 2817 5427 antici-istos
2839 5374 2998 5424 ABY.

2604 5470 2680 5505 20.
2714 5461 2915 5505 coactus
2962 5457 3077 5514 (om.
3123 5455 3219 5512 est)
3267 5451 3341 5501 H.
3422 5464 3602 5509 paene
3648 5448 3765 5511 ΘΥ,
3809 5461 3937 5513 pane

2534 5533 2679 5598 lapsu
2702 5532 2779 5582 C:
2815 5545 2941 5596 pene
2961 5529 3090 5581 codd.
3114 5530 3223 5581 rell.
3245 5528 3294 5579 5·
3315 5529 3465 5579 Hier.
