4717 6400
871 721 998 785 300
1828 702 2281 764 CAPITULA
2333 704 2453 765 IN
2487 702 3129 765 EUANGELJUM

1198 871 1403 922 AHVY
1414 872 1569 923 Harl.
1599 880 1740 936 2797.

873 962 1150 1025 LXXVI.
1197 963 1614 1024 Perambulans
1647 963 1904 1024 hiericho
1939 981 2069 1022 zac-

955 1060 1166 1120 cheum
1222 1060 1596 1136 publicanum
1655 1058 1907 1117 absoluit
1972 1057 2071 1134 qui

953 1155 1113 1214 uenit
1149 1155 1377 1213 saluum
1403 1154 1593 1214 facere
1621 1153 1780 1231 quod
1810 1153 2070 1230 perierat.

873 1342 1184 1402 LXXVII.
1223 1342 1571 1402 Parabolam
1588 1342 1753 1417 ponit
1770 1357 2071 1400 semorum

955 1438 1365 1515 accipientium
1394 1454 1430 1494 a
1458 1436 1701 1497 domino
1729 1454 1837 1496 suo
1865 1436 2071 1495 decem

953 1549 1123 1590 mnas
1166 1541 1229 1590 ut
1283 1530 1714 1607 negotiarentur
1759 1547 1833 1590 ex
1881 1530 1965 1588 eis
2013 1538 2073 1588 et

953 1626 1221 1687 inimicos
1250 1625 1415 1702 regni
1444 1626 1530 1683 sui
1559 1624 1894 1702 pronuntiat
1924 1624 2071 1700 peri-

952 1721 1217 1780 mendos.

874 1909 1214 1969 LXXVIII.
1259 1909 1448 1986 Super
1470 1898 1690 1985 pulluin
1709 1909 1906 1967 asinae
1924 1908 2072 1967 sedit

955 2004 1180 2064 cunctis
1215 2003 1539 2062 dicentibus
1577 2022 1694 2080 pax
1730 2003 1790 2060 in
1819 2001 1984 2061 caelo
2011 2011 2070 2060 et

954 2100 1140 2177 gloria
1167 2099 1228 2156 in
1255 2098 1499 2157 excelsis
1520 2108 1578 2156 et
1600 2097 1674 2156 de
1698 2096 2068 2176 increpandis

954 2193 1250 2270 discipulis
1293 2192 1411 2250 suis
1459 2191 1538 2251 ait
1588 2191 1635 2249 si
1681 2191 1738 2248 hi
1786 2192 2069 2249 tacuerint

955 2287 1175 2364 lapides
1202 2286 1554 2346 clamabunt.

874 2381 1152 2440 LXXIX.
1195 2380 1418 2440 Uidens
1452 2380 1746 2439 ciuitatem
1782 2377 1941 2437 fleuit
1974 2396 2069 2437 su-

952 2496 1058 2553 per
1086 2495 1215 2535 eam
1249 2475 1661 2552 praenuntians
1696 2474 2070 2532 euertendam

952 2571 1027 2631 de
1069 2570 1290 2647 templo
1332 2568 1650 2629 uendentes
1698 2568 1831 2627 eicit
1871 2568 2070 2626 scribis

954 2665 1354 2724 insidiantibus
1431 2682 1466 2722 a
1533 2662 1755 2740 populo
1831 2661 2070 2721 libenter

951 2761 1195 2820 auditur.

873 2853 1119 2912 LXXX.
1166 2853 1536 2913 Sciscitantes
1553 2851 1626 2910 de
1646 2859 1930 2928 potestate
1946 2850 2071 2909 eius

954 2948 1211 3008 uicissim
1239 2949 1316 3006 ab
1343 2948 1736 3022 interrogante
1765 2944 1838 3004 de
1865 2944 2069 3004 iohan-

955 3044 1046 3102 nis
1074 3043 1367 3118 baptismo
1395 3042 1837 3100 conuincuntur.

874 3227 1150 3287 LXXXI.
1193 3225 1541 3286 Parabolam
1567 3223 1707 3283 dicit
1734 3222 1808 3281 de
1837 3222 2071 3281 cultori-

953 3325 1063 3382 bus
1085 3322 1292 3381 uineae
1314 3320 1413 3397 qui
1434 3318 1656 3378 domini
1678 3317 1765 3375 sui
1786 3326 1845 3376 et
1872 3334 2071 3377 seruos

953 3429 1008 3476 et
1039 3416 1220 3475 filium
1250 3414 1601 3475 occiderunt.

2523 871 2684 936 ccr).

2260 963 2634 1024 Zacchariam
2653 963 2968 1024 conlaudat
2987 963 3075 1023 di-

2338 1059 2581 1117 midiam
2690 1059 3071 1117 substantiam

2339 1154 2691 1230 pauperibus
2782 1151 3073 1214 hofferen-

2338 1258 2475 1306 tem.

2257 1339 2336 1399 Et
2377 1340 2810 1400 similitudinem
2853 1341 2929 1399 de
2973 1340 3075 1401 illo

2339 1437 2441 1514 qui
2486 1435 2693 1495 decem
2732 1435 2924 1494 minas
2964 1434 3074 1493 hu-

2339 1549 2436 1589 rus
2478 1530 2555 1589 ad
2596 1548 2844 1607 regnum
2885 1530 3073 1589 seruis

2338 1626 2459 1684 suis
2513 1623 2802 1683 distribuit
2868 1633 2928 1683 et
2997 1624 3072 1683 de

2337 1719 2514 1778 exitio
2536 1736 2743 1777 eorum
2770 1718 2869 1795 qui
2899 1736 3071 1778 aeum

2337 1831 2537 1889 regem
2564 1823 3000 1872 recusauerunt.

2258 1907 2447 1984 Super
2538 1906 2761 1984 pullum
2852 1925 3070 1983 asynae

2337 2002 2501 2062 sedit.

2254 2379 2332 2439 Et
2373 2396 2548 2457 super
2588 2379 2771 2439 Ihrim
2813 2379 2973 2438 fleuit
3012 2390 3072 2438 et

2334 2484 2580 2532 uentura
2607 2476 2696 2532 aei
2724 2474 3020 2550 praedicit.

2256 2567 2347 2626 Ibi
2417 2569 2490 2629 de
2558 2569 2779 2645 templo
2835 2585 3069 2627 mensas

2336 2663 2541 2722 euertit
2611 2673 2668 2721 et
2749 2663 3070 2721 uendentes

2336 2756 2641 2816 columbas
2669 2756 2884 2814 aeiecit.

2257 2850 2600 2910 Pharisaeos
2650 2851 3071 2927 interrogantes

2337 2945 2401 3003 in
2443 2963 2562 3023 qua
2601 2955 2887 3022 potestate
2926 2944 3072 3003 haec

2339 3039 2558 3099 faceret
2627 3039 2701 3098 de
2782 3039 3073 3098 babtismo

2338 3133 2623 3193 Ihoannis
2652 3134 2982 3211 interrogat.

2259 3227 2610 3288 Parabulam
2713 3229 3073 3305 subiungens

2339 3324 2501 3383 aeius
2541 3323 2643 3400 qui
2688 3341 2826 3383 cum
2871 3341 3073 3382 seruos

2338 3418 2593 3477 misisset
2678 3417 2754 3476 ad
2838 3418 3072 3476 uineam

2338 3522 2547 3590 postea
2574 3511 2756 3570 filium
2784 3512 2956 3570 misit.

2255 3604 2332 3665 Et
2367 3606 2442 3666 de
2478 3606 2669 3683 lapide
2705 3607 2782 3664 ab
2823 3604 3072 3664 homini-

2338 3701 2450 3760 bus
2478 3699 2807 3777 reprobato.

876 3787 1191 3848 LXXXII.
1222 3787 1572 3847 Temtantes
1600 3785 1674 3845 de
1701 3786 1914 3844 tributo
1941 3803 2072 3844 cae-
2175 3799 2439 3855 xv111,
2511 3799 2911 3866 Temptatufl
2985 3798 3072 3853 de

956 3883 1099 3943 saris
1129 3882 1425 3941 reddendo
1453 3880 1674 3940 denarii
1702 3878 2071 3956 inscriptione

956 3976 1266 4037 conuincit.

874 4069 1216 4130 LXXXIII.
1279 4068 1631 4128 Sadducaeis
1705 4067 1782 4126 de
1848 4075 2070 4143 septem

959 4165 1200 4224 fratrum
1227 4181 1410 4223 uxore
1440 4161 1850 4241 quaerentibus
1884 4177 2071 4218 resur-

959 4259 1277 4319 rectionem
1320 4257 1494 4317 etiam
1542 4256 1693 4314 mosi
1743 4253 2071 4314 testimonio

957 4355 1161 4412 firmat.

942 4590 1181 4641 LXXVI.
1217 4592 1611 4647 publicanum:
1646 4584 1920 4650 principem
1949 4584 2074 4649 pub·

875 4658 1150 4708 licauorum
1176 4655 1245 4704 H.

944 4721 1211 4772 LXXVII.
1256 4722 1421 4796 ponit
1464 4731 1756 4767 seruorum
1796 4719 2074 4774 aecipien-

876 4792 1025 4838 tium
1048 4788 1106 4836 in
1131 4801 1365 4850 margunc
1386 4800 1477 4833 scr.
1504 4782 1566 4832 Y.

943 4851 1240 4903 LXXVIII.
1275 4849 1571 4914 increpantis
1593 4847 1748 4897 Harl.

944 4918 1184 4968 LXXIX.
1220 4916 1419 4966 ciuitate
1444 4914 1514 4963 H.
1581 4911 1723 4963 eiecit
1747 4912 1851 4961 HV
1867 4912 2025 4961 Harl.

944 4983 1154 5033 LXXX.
1191 4998 1284 5032 om.
1310 4984 1380 5030 ab
1408 4980 1478 5030 H.
1545 4978 1831 5043 interrogati
1855 4977 1926 5027 H.

943 5048 1237 5099 LXXXIII.
1274 5046 1620 5098 resurreetione
1644 5044 1712 5094 H.

2337 3891 2599 3948 tributo
2619 3891 2971 3960 respondit
2985 3892 3071 3948 de

2337 3986 2624 4042 muliere

2256 4076 2393 4155 quia
2422 4086 2648 4152 septem
2671 4077 2830 4136 uiros
2852 4075 3069 4135 habuit.

2242 4589 2413 4640 XVII.
2480 4596 2540 4638 et
2606 4590 3072 4637 similitudmem:

2178 4655 2453 4706 similitudo
2521 4654 2695 4704 Thone.
2751 4670 2853 4702 non
2906 4660 3075 4702 autem

2175 4723 2322 4772 Alex.
2390 4735 2462 4784 14.

2176 4792 2385 4836 huma:
2422 4787 2576 4835 iturus
2599 4785 2768 4833 Thom.
2825 4784 2890 4833 ad
2908 4799 3075 4847 regern

2176 4854 2325 4903 Alex.
2349 4865 2426 4902 10.
2494 4851 2667 4901 tribuit
2683 4851 2815 4898 alter
2827 4851 2976 4900 Alex.
2997 4863 3072 4899 10.

2172 4934 2268 4969 om.
2315 4931 2507 4975 regem
2544 4917 2693 4966 Alex.
2734 4929 2808 4978 14.
2876 4929 3073 4965 accusa·

2175 4990 2348 5034 uerunt
2375 4984 2489 5035 Uat.
2508 4994 2654 5045 4221.
2720 4984 2951 5030 aeteoit:
2986 4980 3073 5030 eii-

2177 5051 2243 5099 cit
2268 5050 2439 5099 Thom.
2465 5063 2568 5097 non
2588 5053 2755 5096 autem
2778 5047 2924 5095 Alex.
2949 5060 3008 5108 14
3027 5052 3075 5094 et

2185 5116 2298 5166 Uat.
2318 5128 2465 5177 4221.
2532 5128 2725 5162 seruo·
2740 5126 2776 5162 -t-
2792 5128 2909 5162 suos
2924 5113 3074 5161 Alex.

2181 5194 2254 5243 14.
2313 5182 2674 5230 hominibus:
2698 5176 3073 5229 aedificantibus

2185 5246 2354 5296 Thom.

2563 4722 2693 4769 illo:
2762 4735 2824 4768 eo
2904 4719 3073 4768 Thom.

3179 871 3625 939 BoJ<breues)0x
3636 874 3755 923 Par.
3767 873 3879 923 Lat.
3897 875 4068 938 10438.

3176 964 3490 1024 zaccheum
3518 966 3834 1026 conlaudat

3174 1351 3232 1401 et
3284 1343 3493 1402 decem
3550 1360 3760 1402 narum
3811 1342 4071 1402 similitu-

3257 1437 3455 1496 dinem
3482 1438 3647 1514 ponit

3172 1921 3346 1981 super
3372 1903 3598 1983 pullum
3626 1904 3824 1964 asinae
3853 1906 4004 1966 sedit

3173 2385 3520 2446 hierusalem
3548 2386 3709 2447 fleuit

3175 2856 3560 2930 interrogatus
3578 2855 3638 2912 in
3657 2870 3776 2931 qua
3790 2861 4073 2930 potestate

3258 2947 3401 3007 haec
3430 2948 3643 3007 faceret
3670 2946 3989 3021 interrogat
4014 2956 4075 3006 et

3258 3042 3381 3118 ipse
3442 3060 3579 3101 cum
3644 3040 4073 3100 similitudinem

3257 3136 3381 3195 eius
3408 3136 3571 3195 cuius
3600 3134 3782 3193 filium
3822 3134 4073 3194 cultores

3259 3232 3319 3289 in
3346 3232 3578 3291 uineam
3607 3230 3961 3291 occiderunt.

3177 3798 3404 3858 XVIII.
3431 3797 3738 3858 Temtatus
3758 3799 3832 3859 de
3859 3798 4074 3858 tributo

3257 3892 3559 3970 respondit

3242 4577 3412 4627 XVII.
3446 4581 3650 4636 ponit:
3700 4576 3861 4641 aperit
3898 4574 4073 4639 10438.

3192 4655 3228 4692 -ι-
3259 4651 3307 4693 et
3349 4650 3466 4694 ante
3514 4645 3856 4691 hiemsalem
3898 4641 4024 4690 13Θῦ
4027 4639 4075 4689 Ο

3185 4708 3358 4759 Thone.
3438 4713 3578 4759 haee
3618 4710 3867 4757 smeret:
3951 4720 4075 4769 opu·

3177 4772 3283 4823 lum
3337 4775 3537 4824 doceret
3591 4782 3639 4823 et
3702 4773 3844 4837 signa
3950 4779 4076 4820 oeret

3182 4840 3357 4903 10438.
3424 4855 3537 4891 cum
3564 4838 3888 4889 similitudine
3916 4836 4076 4886 ΘῦΟθ

3185 4906 3357 4956 Thom.
3426 4909 3490 4954 in
3530 4907 3789 4954 niueam:
3842 4903 3891 4952 in
3930 4902 4075 4951 uinea

3177 4971 3247 5021 0⁰
3262 4989 3276 5031 3
3309 4972 3484 5022 uineae
3505 4970 3589 5021 Θ]
3614 4970 3663 5020 T
3654 4970 3783 5019 hom.
