4717 6400
787 717 832 766 X
840 716 927 765 lv.
957 698 1184 789 23-300]

875 872 1187 939 faciemus

715 981 769 1021 ²⁴
787 980 897 1061 qui
929 1000 1063 1042 non
1093 980 1307 1063 diligit
1341 999 1447 1043 me
1476 998 1810 1044 sermones

875 1103 1060 1148 meos
1089 1102 1222 1147 non
1252 1092 1491 1147 seruat.

788 1183 905 1236 ⁰³¹·
930 1184 977 1234 ¹)
1013 1187 1105 1252 Et
1132 1206 1503 1252 sermonem
1537 1206 1733 1270 quem
1766 1184 2042 1250 audistis

876 1312 1007 1355 non
1048 1301 1149 1356 est
1183 1311 1369 1366 meus

786 1395 904 1458 sed
936 1395 1077 1459 eius
1108 1397 1221 1477 qui
1254 1395 1433 1458 misit
1466 1414 1571 1459 me
1602 1394 1808 1477 patris

715 1500 952 1564 ²⁵haec
985 1499 1245 1563 locutus
1276 1520 1423 1564 sum
1456 1499 1648 1563 uobis

875 1604 1054 1685 apud
1087 1624 1208 1667 uos
1239 1622 1527 1666 manens.

714 1703 768 1745 ²⁶
788 1703 905 1756 0³²·
922 1704 994 1756 ¹⁰)
1017 1705 1393 1771 Paracletus
1407 1715 1631 1769 autem
1644 1706 1910 1788 spiritus
1926 1713 2189 1769 sanctus

786 1831 987 1893 quem
1020 1812 1240 1875 mittet
1272 1820 1462 1894 pater

878 1916 943 1977 in
975 1916 1240 1978 nomine
1274 1934 1425 1978 meo

790 2016 900 2082 ille
932 2039 1052 2082 uos
1082 2018 1348 2082 docebit
1381 2018 1605 2081 omnia

788 2131 856 2186 et
886 2133 1195 2205 suggeret
1228 2121 1419 2185 uobis
1451 2119 1677 2186 omnia

790 2245 1245 2309 quaecumque
1272 2225 1511 2289 dixero
1542 2224 1733 2288 uobis

716 2331 770 2372 2⁷
790 2349 1024 2413 pacem
1057 2327 1352 2411 relinquo
1384 2329 1576 2392 uobis

1399 706 1467 765 E
1472 702 1579 764 UA
1588 703 1667 764 N
1665 703 1893 765 GELI
1899 701 2038 761 UM
2077 698 2605 764 SECUNDUM
2640 697 2865 759 IOHA
2875 697 3175 761 NNEM
3676 697 3803 779 609

2395 890 2631 955 pacem
2666 889 2881 933 meam
2915 870 3005 934 do
3037 869 3228 933 uobis

2393 994 2526 1039 non
2561 975 2904 1055 quomodo
2937 974 3224 1037 mundus
3253 972 3372 1036 dat

2481 1099 2606 1161 ego
2638 1079 2727 1142 do
2758 1077 2950 1140 uobis

2394 1202 2525 1246 non
2557 1182 2859 1245 turbetur
2888 1201 3000 1245 cor
3030 1190 3319 1245 uestrum

2486 1305 2701 1367 neque
2729 1285 3038 1348 formidet

2322 1390 2377 1428 ²⁸
2396 1390 2672 1454 audistis
2703 1391 2856 1470 quia
2887 1408 3013 1471 ego
3045 1388 3187 1451 dixi
3221 1387 3416 1452 uobis

2486 1495 2661 1557 uado
2695 1502 2761 1555 et
2792 1494 2988 1556 uenio
3019 1494 3105 1556 ad
3141 1512 3263 1555 uos

2397 1599 2451 1663 si
2484 1598 2849 1680 diligeretis
2881 1616 2987 1659 me
3017 1595 3396 1680 gauderetis

2485 1703 2713 1785 utique
2744 1702 2901 1784 quia
2930 1703 3107 1765 uado
3136 1701 3221 1764 ad
3256 1710 3517 1784 patrem

2398 1808 2553 1889 quia
2583 1816 2773 1890 pater
2806 1806 3016 1869 maior
3046 1824 3153 1869 me
3184 1813 3285 1868 est

2327 1910 2463 1974 ²⁹et
2494 1931 2668 1975 nunc
2698 1910 2844 1973 dixi
2875 1909 3066 1974 uobis
3098 1910 3281 1992 prius

2485 2034 2688 2098 quam
2721 2013 2839 2078 fiat

2400 2127 2475 2182 ut
2504 2139 2655 2183 cum
2686 2118 2935 2183 factum
2967 2116 3161 2181 fuerit
3193 2117 3478 2181 credatis

2326 2221 2382 2260 ³⁰
2402 2224 2534 2286 iam
2565 2243 2696 2286 non
2729 2220 2939 2285 multa
2970 2220 3204 2304 loquar
3233 2222 3575 2286 uobiscum

2401 2329 2582 2391 uenit
2614 2327 2790 2390 enim
2823 2327 3128 2409 princeps
3161 2326 3389 2389 mundi

787 2517 1084 2576 faciemus.
1154 2518 1200 2550 ²⁴
1220 2517 1322 2594 qui
1361 2526 1558 2575 autem
1596 2534 1691 2574 me
1734 2533 1857 2574 non
1898 2514 2100 2591 diligit.
2171 2532 2472 2574 sermones
2511 2532 2679 2573 meos
2722 2532 2842 2573 non
2884 2524 3089 2573 seruat.
3158 2524 3217 2573 et
3253 2532 3586 2572 sermonem
3624 2531 3802 2590 quem

790 2611 1044 2670 audistis,
1115 2628 1236 2669 non
1263 2620 1351 2670 est
1378 2628 1563 2668 meus·
1633 2608 1737 2668 sed
1767 2609 1890 2667 eius
1920 2610 2020 2686 qui
2050 2609 2207 2668 misit
2236 2627 2332 2668 me
2364 2610 2560 2686 patris.
2626 2609 2673 2643 ²⁶
2690 2607 2834 2667 haec
2874 2607 3102 2667 locutus
3140 2626 3270 2666 sum
3309 2608 3480 2666 uobis
3507 2608 3667 2684 apud
3694 2625 3805 2667 uos

790 2722 1053 2764 manens,
1123 2701 1169 2737 ²⁸
1186 2704 1514 2781 paracletus
1551 2713 1749 2762 autern
1786 2703 2012 2779 spiritus
2051 2713 2302 2762 sanctus,
2375 2720 2555 2779 quem
2593 2703 2874 2761 missurus
2913 2712 3001 2761 est
3037 2711 3215 2779 pater.
3286 2703 3346 2760 in
3381 2703 3620 2761 nomine
3646 2720 3800 2764 meo·

791 2799 884 2858 ille
929 2817 1036 2858 uos
1077 2797 1314 2858 docebit
1354 2798 1570 2858 omnia.
1652 2808 1712 2855 et
1752 2796 2237 2857 commonefaciet
2278 2816 2387 2858 uos
2430 2796 2632 2856 omnia
2672 2814 3056 2874 quaecunque
3100 2797 3220 2854 dixi
3261 2796 3449 2855 uobis.
3532 2794 3577 2829 ²⁷
3598 2814 3807 2873 pacem

792 2894 1055 2971 relinquo
1087 2893 1276 2952 uobis.
1345 2910 1552 2969 pacem
1589 2909 1785 2950 meam
1823 2891 1900 2950 do
1939 2892 2126 2950 uobiS.
2199 2908 2323 2949 non
2363 2890 2668 2968 quomodo
2706 2890 2800 2950 hic
2836 2890 3109 2949 mundus,
3179 2890 3295 2949 dat.
3363 2907 3479 2966 ego
3508 2890 3587 2949 do
3614 2890 3804 2949 uobis,

790 3005 912 3046 non
942 2989 1201 3046 turbetur
1230 3004 1333 3046 cor
1360 2995 1636 3044 uestrum.
1706 3003 1894 3061 neque
1923 2984 2214 3044 formidet.
2281 2982 2327 3017 ²⁸
2347 2985 2588 3044 audistis
2624 2985 2763 3062 quia
2800 3003 2914 3061 ego
2953 2985 3071 3042 dixi
3105 2985 3292 3042 uobis⁰
3359 2985 3518 3042 uado
3547 2995 3605 3043 et
3630 2985 3808 3044 uenio

790 3081 865 3139 ad
894 3099 1018 3140 uos,
1089 3081 1137 3139 si
1166 3079 1477 3157 diligeretis
1515 3098 1629 3138 me.
1699 3079 2025 3156 gauderetis
2063 3080 2280 3156 utique.
2350 3080 2489 3156 quia
2525 3079 2681 3138 uado
2719 3079 2795 3137 ad
2831 3088 3054 3156 patrem
3093 3079 3374 3155 quoniam
3412 3087 3580 3155 pater
3616 3097 3802 3137 meus·

791 3175 978 3234 maior
1030 3192 1128 3234 me
1183 3184 1288 3234 est.
1357 3171 1401 3207 ²⁰
1422 3183 1479 3233 et
1532 3191 1690 3233 nunc
1748 3172 1869 3232 dixi
1923 3173 2113 3232 uobis
2182 3184 2500 3251 antequam
2556 3173 2673 3233 fiat.
2744 3183 2807 3232 ut
2863 3191 3001 3232 cum
3056 3172 3277 3233 sactum
3326 3171 3496 3231 suerit
3542 3173 3806 3233 credatis

789 3268 972 3328 ”iam
1001 3287 1123 3328 non
1153 3269 1336 3328 multa
1362 3268 1570 3345 loquor
1607 3267 1795 3326 uobis,
1862 3269 2059 3326 ueniet
2094 3268 2252 3326 enim
2290 3267 2463 3326 huius
2500 3266 2703 3326 mundi
2739 3267 3029 3345 princeps,
3106 3278 3164 3326 et
3188 3268 3249 3325 in
3279 3284 3374 3325 me
3403 3285 3524 3325 non
3551 3267 3808 3326 inueniet

861 3483 938 3531 24.
973 3483 1063 3517 me
1086 3474 1174 3532 pr.
1195 3483 1292 3517 om.
1317 3465 1393 3515 R*
1419 3468 1654 3532 (φακῆ).
1724 3484 2001 3519 sermonem
2026 3484 2193 3519 meum

792 3546 854 3595 R.
919 3547 1082 3596 serbat
1103 3547 1216 3606 CO,
1240 3547 1468 3597 obseruat
1492 3547 1538 3596 T
1560 3562 1622 3611 q;
1655 3547 1875 3597 sei-babit
1896 3548 1936 3595 d
1956 3548 2024 3610 (et
2048 3547 2160 3609 ΒΨ)
2181 3563 2193 3603 ;

790 3624 1008 3675 custodit
1045 3640 1095 3685 a,
1139 3625 1260 3674 facit
1297 3638 1337 3675 e.
1403 3639 1718 3674 sermonem
1760 3626 1887 3673 codd.
1923 3625 2070 3688 plur.
2114 3640 2192 3687 vg.

790 3709 910 3752 καί.
924 3702 1067 3767 plur.
1086 3719 1098 3752 ε
1133 3718 1294 3751 sermo
1315 3703 1364 3769 (ὁ
1385 3703 1556 3766 λόγος)
1578 3703 1935 3766 DJPQR*T·=V
1951 3720 1984 3752 a
2007 3705 2033 3750 δ
2056 3706 2192 3766 Aug.

792 3783 1024 3841 ΕΜΔ-ηις
1072 3792 1110 3830 4
1133 3796 1298 3830 meum
1339 3782 1480 3846 (post
1520 3782 1749 3841 uerbum)
1788 3782 1829 3830 d
1860 3795 1885 3830 e
1923 3797 1958 3830 r
1993 3789 2040 3830 et
2084 3782 2191 3837 DF,

805 3873 842 3909 4-
857 3874 994 3908 meus
1046 3874 1094 3908 a.
1181 3874 1350 3917 quem
1398 3863 1669 3909 audistin:
1731 3874 1879 3924 quem
1932 3859 2114 3908 auditis
2157 3858 2199 3907 d

793 3935 1009 4000 (Bentl.)
1034 3943 1083 3985 et
1096 3951 1211 3999 ρης
1242 3952 1337 3986 om.
1359 3953 1394 3985 a
1415 3954 1453 3988 e.
1521 3940 1680 3986 misit
1702 3953 1791 3986 me
1815 3937 2189 4001 OECD(missit)

791 4015 1007 4064 litt-PGH
1017 4015 1477 4065 KM'ORSTVWZ
1504 4031 1585 4080 vg.
1608 4017 1637 4064 b
1653 4015 1706 4081 f
1722 4016 1748 4065 l
1765 4016 1837 4080 (δ)
1860 4030 2009 4064 aun:
2039 4023 2095 4073 >
2113 4031 2193 4064 me

791 4094 926 4142 misit
958 4093 1462 4156 ABAFHQMQXY
1496 4100 1618 4144 καί.
1639 4094 1785 4159 plur.
1859 4102 2055 4159 >pam
2092 4093 2191 4143 mei

789 4172 875 4235 qui
898 4187 977 4220 me
999 4171 1136 4220 misit
1157 4187 1203 4222 r.

859 4263 939 4311 25.
972 4250 1065 4300 hec
1088 4249 1168 4298 W.
1236 4250 1470 4314 loquutus
1493 4251 1610 4300 ΗΘ.
1677 4256 1802 4315 aput
1825 4251 2037 4301 FGRX.

860 4326 937 4377 26.
973 4327 1179 4391 paracli.
1204 4326 1704 4387 DEFJMTWSQD,
1734 4328 1952 4393 paracly.
1977 4327 2188 4378 OECHQ

791 4405 909 4466 KV,
943 4404 1279 4465 aduocatusa
1311 4421 1364 4454 m
1396 4422 1446 4471 q,
1485 4405 1767 4456 consolator
1799 4421 1858 4463 r:
1902 4407 2075 4471 pergit
2115 4414 2189 4455 est

788 4489 954 4533 autem
985 4483 1171 4546 paracl.
1194 4483 1281 4533 ille
1302 4499 1377 4547 sp.
1402 4490 1485 4533 etc.
1509 4499 1556 4534 a.
1622 4493 1676 4540 >
1697 4500 1770 4549 sp.
1798 4491 1964 4534 autem
1997 4485 2182 4547 paracl.

786 4567 987 4611 sanctus
1005 4576 1049 4611 e.
1118 4562 1465 4614 autem-fille
1497 4578 1521 4610 c
1538 4562 1611 4628 βξ
1643 4577 1689 4612 r.
1756 4563 1909 4612 mittit
1942 4562 2081 4611 HST
2106 4565 2192 4621 (ut

787 4640 998 4701 udtur);
1031 4640 1267 4689 missurus
1298 4649 1371 4690 est
1399 4656 1433 4689 a
1447 4640 1499 4705 f
1520 4657 1567 4705 q.
1633 4646 1998 4699 pater÷meus
2024 4642 2067 4689 E
2087 4641 2128 4689 d
2141 4647 2192 4690 ct

780 4732 863 4780 gr.
884 4717 1018 4768 Dm.
1084 4721 1343 4768 nomine:
1379 4734 1446 4768 no
1466 4726 1573 4782 sup.
1599 4719 1692 4768 lin.
1719 4720 1782 4769 G.
1853 4722 2071 4770 omnia:
2097 4726 2187 4782 pr.

785 4811 881 4843 om.
904 4810 955 4856 a,
977 4796 1205 4846 uniuersa
1236 4813 1296 4855 r;
1329 4812 1415 4845 sec.
1437 4812 1530 4845 om.
1555 4813 1593 4852 c,
1618 4798 1847 4847 uniuersa
1869 4799 1903 4846 l.
1970 4799 2188 4862 suggerit

789 4873 882 4934 IT,
916 4881 1107 4937 sugeret
1141 4876 1227 4933 ἓΡς
1270 4875 1608 4925 commonebit
1639 4876 1688 4934 d,
1724 4877 2012 4926 admonebit
2043 4891 2069 4925 e
2095 4877 2187 4940 (q),

691 4978 704 4991 ·
786 4953 1200 5001 commemorabit
1234 4969 1270 5001 a
1304 4969 1337 5001 r
1379 4956 1533 5018 Aug„
1572 4952 1635 5017 cs.
1665 4955 1716 5018 fi
1784 4969 1878 5004 om.
1926 4961 1984 5003 et
2026 4969 2186 5012 sugg.

787 5032 955 5077 uobis
999 5033 1189 5080 omnia
1226 5031 1262 5080 J
1299 5031 1328 5079 b
1362 5047 1431 5080 m.
1495 5047 1805 5097 quecumque
1844 5032 2005 5091 DEG,
2038 5047 2186 5096 quae·

787 5122 981 5171 cunque
1012 5106 1150 5172 Τῇ;
1186 5123 1316 5173 quae
1347 5124 1374 5158 e
1406 5116 1454 5157 et
1485 5107 1517 5157 ἅ
1543 5125 1623 5173 gr.
1649 5109 1795 5175 plur.
1865 5110 2188 5160 dixero=dv

787 5182 904 5231 ‹116›
927 5185 1027 5232 Dn
1053 5200 1178 5248 254:
1213 5187 1316 5236 dixi
1333 5186 1444 5251 fet
1463 5185 1597 5235 εἶπον
1610 5203 1695 5251 gr.
1706 5188 1851 5254 plur.
1900 5204 1996 5237 om.
2020 5191 2187 5239 uobis

786 5262 1454 5328 seaabceffilmraur.

859 5350 934 5403 27.
966 5355 1163 5399 paoem
1196 5349 1512 5406 pra-umam
1548 5343 1978 5395 BOEEM'OTmz'
2007 5361 2041 5393 a
2073 5359 2098 5393 e
2115 5344 2188 5410 ff,

785 5434 901 5469 aur.
926 5426 1064 5483 gnt.;
1095 5420 1183 5468 sed
1209 5423 1346 5484 Aug.
1370 5422 1502 5483 (Iob.
1529 5424 1616 5486 72)
1652 5424 1812 5487 ‘quid
1839 5430 1909 5473 est
1940 5423 2075 5488 quod
2102 5423 2192 5471 ubi

784 5497 866 5546 ait
885 5512 1062 5561 pacem
1084 5498 1310 5562 relinquo
1340 5500 1485 5549 uobis
1513 5516 1614 5550 non
1644 5501 1845 5550 addidit
1871 5516 2066 5560 mentm
2098 5501 2191 5549 ubi

2398 3482 2521 3517 uero
2547 3468 2628 3516 ait
2652 3467 2721 3517 do
2750 3469 2912 3528 uobis,
2937 3467 3005 3517 ibi
3034 3467 3175 3517 davit
3201 3482 3363 3517 meam
3379 3470 3401 3517 Ρ
3417 3463 3429 3483 ’
3494 3468 3711 3532 relinquo
3735 3470 3805 3525 Βς

2398 3545 2627 3595 dismitto
2648 3546 2700 3606 d,
2726 3547 2924 3595 remitto
2946 3562 2988 3596 e.
3054 3562 3151 3595 om.
3174 3561 3298 3604 pao.
3329 3561 3509 3595 meam
3535 3550 3608 3596 do
3638 3551 3805 3597 uobis

2397 3624 2431 3672 ,J
2462 3629 2570 3687 gut.
2600 3630 2649 3673 et
2674 3639 2758 3687 gr.
2792 3624 2840 3672 X
2878 3639 2957 3688 59.
3020 3633 3074 3680 >
3094 3641 3202 3690 pac.
3239 3640 3403 3674 meam
3437 3629 3553 3686 (om.
3588 3625 3617 3673 b
3647 3626 3699 3690 q)
3737 3626 3805 3675 do

2396 3717 2444 3750 u.
2480 3720 2530 3768 p.
2564 3717 2729 3752 meam
2774 3702 2861 3752 rel.
2896 3703 3041 3752 uobis
3087 3704 3177 3752 ΒΟ
3222 3703 3251 3751 b
3282 3719 3331 3768 q.
3396 3718 3490 3753 om.
3529 3718 3647 3753 non
3687 3740 3699 3752 .
3738 3740 3751 3753 .
3789 3741 3803 3755 .

2395 3781 2563 3829 uobis
2607 3786 2719 3830 tert.
2762 3796 2806 3830 e.
2894 3784 3175 3839 quomodo
3210 3792 3246 3829 4
3276 3781 3360 3830 hic
3405 3782 3452 3830 Θ
3499 3788 3619 3831 nete.
3655 3782 3799 3845 plur.

2396 3861 2673 3908 mundus:
2709 3874 2742 3906 u
2763 3866 2848 3922 pr.
2879 3866 3031 3922 super
3057 3874 3156 3907 ras.
3195 3858 3267 3908 H.
3336 3861 3649 3909 conturbetur
3670 3875 3704 3909 a
3725 3876 3751 3909 c
3769 3860 3811 3911 d

2394 3936 2500 4002 eff,
2521 3953 2554 4000 q
2575 3937 2618 3985 δ.
2675 3942 2730 3990 >
2753 3943 2965 3985 uoetrum
2990 3951 3076 3984 cor
3096 3936 3136 3983 d
3153 3939 3181 3983 ὃ
3206 3936 3443 4002 (emh).
3499 3941 3802 3989 formidet:

2394 4014 2607 4079 trepidet
2628 4030 2669 4073 e,
2691 4020 2820 4063 -etur
2840 4015 2890 4076 d,
2914 4023 3097 4079 paueat
3119 4016 3144 4063 l
3162 4031 3209 4075 r,
3233 4017 3551 4081 pertimescat
3571 4032 3619 4082 q.

2464 4094 2544 4142 28.
2578 4095 2818 4142 audistin
2841 4093 2917 4142 bis
2938 4109 3031 4142 scr.
3052 4095 3121 4143 D.
3170 4108 3275 4151 σεο
3297 4110 3394 4144 om.
3418 4094 3498 4144 Ο*
3520 4102 3639 4146 uett.
3651 4096 3797 4162 plur.

2394 4171 2520 4234 (non
2542 4169 2720 4236 defq
2743 4172 2810 4235 δ).
2867 4172 3009 4220 uob¹s
3033 4171 3105 4221 H.
3172 4176 3351 4223 uado:
3385 4189 3447 4223 eo
3470 4173 3612 4223 bisa.
3675 4182 3787 4225 etz-{-

2393 4265 2491 4298 non
2539 4250 2595 4299 F.
2669 4251 2865 4299 ueniam
2912 4248 3130 4315 Z*(corr.
3176 4250 3273 4315 2²).
3352 4252 3636 4315 dilegeretis
3680 4254 3802 4315 DO,

2393 4327 2655 4392 diligeritis
2688 4328 3079 4389 OEAEZPHRX,
3112 4328 3334 4393 diligetis
3368 4331 3441 4388 B;
3485 4332 3719 4381 amaretis
3749 4347 3800 4383 a.

2390 4406 2662 4470 gauderitis
2685 4403 2834 4455 H*R.
2882 4406 3087 4471 hutique
3111 4407 3184 4463 (ῖς
3218 4423 3314 4457 om.
3337 4414 3455 4457 neit.
3471 4411 3615 4474 plur.
3663 4414 3801 4468 quia

2390 4499 2508 4532 sea:
2547 4484 2784 4548 quoniam
2808 4486 2891 4543 D3
2927 4497 3073 4548 ÷ego
3096 4485 3142 4533 E
3160 4500 3216 4545 ⁶3
3251 4486 3407 4536 ÷dixi
3428 4489 3456 4534 ὃ
3476 4495 3622 4551 eegr.
3646 4488 3796 4538 EGH

2390 4568 2475 4609 etc.
2539 4570 2594 4619 >
2612 4562 2677 4611 ad
2701 4569 2895 4626 patrem
2916 4564 3049 4612 uado
3071 4563 3115 4611 E
3136 4577 3177 4613 e.
3232 4571 3599 4620 pater÷meus
3618 4565 3749 4631 afq
3771 4568 3800 4613 δ

2391 4646 2535 4700 etgr.
2560 4638 2786 4689 &¹⁸D2rA
2811 4648 2895 4690 etc.
2960 4655 3052 4689 me
3075 4656 3163 4690 sec.
3185 4656 3281 4692 om.
3306 4643 3371 4692 Δ.

2461 4731 2538 4782 ²9·
2572 4722 2761 4775 prius:
2797 4726 2913 4768 ante
2934 4734 2968 4767 a
2989 4736 3014 4767 c
3035 4720 3075 4767 d
3085 4718 3137 4783 s
3143 4719 3479 4785 ffi(quoniam
3502 4726 3795 4788 antequam)

2391 4812 2424 4859 q
2466 4811 2512 4845 r.
2593 4811 2687 4845 om.
2731 4811 2902 4855 quam
2946 4797 3029 4845 Μ’.
3114 4813 3268 4862 quum
3315 4798 3432 4848 ΗΘ.
3517 4805 3762 4851 credatis
3782 4821 3796 4853 e

2404 4886 2441 4924 -o-
2458 4873 2579 4921 mibi
2602 4875 2642 4922 d
2653 4891 2666 4934 ;
2704 4889 2735 4924 4
2755 4875 2990 4939 quoniam
3014 4876 3157 4941 (quia
3170 4877 3304 4940 gat.)
3328 4893 3424 4941 ego
3447 4894 3557 4927 sum
3580 4879 3606 4928 l
3615 4886 3723 4943 gat.

2458 4965 2535 5012 30.
2570 4956 2782 5001 multa:
2817 4953 2949 5002 ultra
2972 4954 3044 5002 M.
3115 4954 3291 5017 loquor
3314 4956 3470 5004 DEH'
3490 4972 3524 5006 a
3545 4956 3575 5005 b
3595 4973 3620 5006 c
3635 4957 3729 5023 sq
3751 4961 3793 5010 δ.

2389 5034 2687 5080 uobiscum
2699 5041 2738 5081 -Ι-
2751 5032 2869 5094 qnia
2890 5032 2951 5081 E.
3004 5032 3169 5081 ueniet
3176 5033 3227 5097 s
3236 5049 3295 5097 q;
3327 5049 3422 5099 seq.
3440 5049 3542 5085 ras.
3562 5049 3590 5097 3
3609 5037 3709 5086 litt.
3729 5038 3794 5088 G.

2389 5123 2485 5157 om.
2519 5113 2674 5157 enim
2709 5110 2886 5173 D(n0n
2922 5110 3007 5171 E).
3073 5114 3338 5169 princeps
3378 5117 3578 5162 mund-i
3622 5118 3794 5165 huius

2392 5191 2443 5248 (ὁ
2475 5184 2636 5248 ἅρχων
2670 5187 2759 5234 τοῦ
2792 5185 2979 5247 κόσμου
3012 5186 3190 5235 τούτου
3228 5203 3270 5238 1.
3300 5203 3376 5253 13.
3402 5194 3525 5251 (non
3548 5191 3655 5257 69).
3681 5194 3795 5257 346.

2395 5270 2472 5312 2⁹⁰
2492 5272 2541 5313 et
2550 5271 2725 5329 patres
2746 5266 2921 5327 multi)
2947 5267 3079 5317 codd.
3101 5274 3151 5315 et
3177 5282 3256 5329 vg.
3278 5275 3328 5316 et
3359 5270 3585 5334 princeps
3606 5272 3793 5321 saeculi

2390 5342 2537 5392 huius
2557 5360 2608 5393 e:
2649 5351 2704 5399 >
2721 5344 2952 5409 princeps
2973 5344 3119 5393 huius
3141 5347 3311 5395 mundi
3331 5337 3623 5415 DGMTff,
3637 5352 3793 5415 Aug·⁰²

2390 5429 2439 5471 et
2459 5429 2514 5477 >
2535 5422 2681 5471 huius
2703 5423 2873 5472 mundi
2898 5423 3127 5487 princeps
3147 5442 3180 5473 a
3202 5424 3231 5473 b
3253 5441 3278 5473 c
3298 5426 3337 5474 d
3349 5425 3435 5490 fl
3450 5443 3482 5491 q
3508 5428 3724 5493 (Bentl.)
3749 5432 3792 5491 ὃ,

2392 5500 2562 5549 mundi
2607 5500 2755 5550 huius
2799 5502 3031 5566 princeps
3075 5517 3131 5558 r;
3183 5502 3211 5550 ὁ
3257 5504 3345 5552 τοῦ
3387 5502 3572 5566 κόσμου
3615 5507 3795 5556 τούτου
