4717 6400
883 682 968 751 32
1843 669 2134 732 CAPIT
2132 669 2300 730 ULA
2352 670 2473 732 IN
2507 670 3156 735 EUANGE'LIUM

1382 836 1594 887 AUVY.
2611 839 2672 889 C.
3285 837 3473 888 BHG->J
3476 838 3523 888 T
3544 854 3661 889 aar.
3686 839 3844 889 Harl.
3876 848 4019 904 ²797-

889 928 1017 988 LX.
1059 928 1281 988 Dicens
1336 928 1625 1005 quosdam
1683 947 1807 988 non
1862 930 2090 991 uisuros
2194 934 2420 991 xv11.
2489 935 2577 991 In
2647 936 2877 993 monte
2938 947 3096 992 oum
3204 929 3397 988 XVII.
3442 930 3515 989 In
3556 942 3759 990 monte
3792 932 4104 1009 transfigu-

971 1033 1219 1083 mortem
1261 1023 1452 1082 donec
1490 1023 1727 1082 uideant
1753 1041 1889 1082 eum
1929 1025 2091 1083 ueni-
2359 1029 2596 1098 Moyse
2634 1033 2705 1088 et.
2738 1028 2952 1088 Helia
2984 1044 3098 1099 ap·
3285 1033 3455 1083 ratur·

970 1127 1166 1176 entem
1237 1118 1298 1175 in
1365 1135 1568 1193 regno,
1641 1135 1781 1177 mox
1852 1117 2091 1177 refertur
2354 1126 2569 1191 paret.

973 1211 1408 1289 transfiguratus
1437 1212 1496 1270 in
1526 1223 1740 1271 monte.

2295 1308 2330 1366 i.
2370 1307 2446 1366 Et
2468 1326 2586 1368 uox
2599 1309 2674 1368 de
2685 1309 3098 1369 caeloadeum.

2283 1402 2337 1459 ii.
2381 1400 2557 1462 Unde
2585 1402 2941 1462 discentibus
2970 1403 3099 1462 He-

2442 1497 2581 1555 liam
2620 1498 2738 1555 iam
2779 1499 3013 1556 uenisse
3041 1506 3099 1556 et

2442 1609 2564 1651 non
2593 1609 2721 1650 esse
2763 1601 3098 1667 susceptum

2441 1685 2790 1744 manifestat.

892 1780 1048 1840 LXI.
1093 1781 1343 1841 Puerum
1407 1782 1724 1843 lunaticum
1795 1794 1978 1853 curat,
2035 1796 2092 1843 et
2298 1777 2370 1836 iii.
2414 1777 2667 1836 Puerum
2777 1778 3098 1839 lunaticum
3206 1779 3459 1840 Puerum
3488 1780 3806 1840 lunaticum
3835 1780 4034 1840 saluat.

975 1876 1270 1953 discipulis
1327 1876 1400 1935 de
1458 1895 1563 1935 sua
1634 1878 2091 1955 impossibilitate
2441 1883 2627 1932 sanat.

970 1972 1381 2048 quaerentibus
1422 1971 1502 2030 ait
1544 1989 1730 2048 genus
1774 1971 1916 2031 illud
1960 1991 2090 2032 ora·
2279 1966 2375 2025 iiii·
2417 1966 2497 2025 Et
2538 1966 2613 2026 de
2656 1966 2772 2026 fide
2815 1966 2922 2026 hut
2966 1985 3098 2043 gra-

971 2065 1127 2124 tione
1155 2064 1482 2141 ieiunioque
1509 2065 1859 2142 pellendum.
2442 2078 2583 2120 nam
2612 2062 2830 2138 sinapis
2859 2061 3013 2121 dicit.

2280 2173 2330 2213 v.
2373 2154 2469 2214 De
2536 2158 2766 2214 istatere
2836 2155 2899 2213 in
2955 2154 3100 2216 hore
3204 2148 3297 2209 De
3326 2159 3535 2210 statere
3565 2151 3627 2209 in
3655 2170 3756 2211 ore
3791 2151 3983 2229 piscis,

2442 2248 2635 2327 piscis,

889 2345 1080 2407 LXII.
1123 2347 1436 2408 Tributum
1475 2349 1694 2408 caesari
1733 2358 2002 2408 staterem
2032 2351 2092 2408 in
2196 2346 2466 2405 XVIII.
2533 2348 2635 2403 De
2711 2345 3099 2404 humilitate
3204 2337 3434 2398 XVIII.
3477 2337 3884 2398 Humilitatem
3933 2339 4108 2400 docet

970 2461 1072 2503 ore
1100 2443 1274 2519 piscis
1301 2444 1601 2502 inuentum
1630 2442 1752 2503 dari
1779 2445 2091 2521 praecepit,
2358 2441 2541 2498 siout.
2565 2454 2874 2509 puerum.
3286 2432 3705 2493 conferendam
3733 2433 4052 2511 puerilitati.

969 2547 1027 2596 et
1053 2555 1190 2595 eum
1218 2538 1498 2596 maiorem
1530 2537 1784 2597 futurum
1812 2539 1911 2614 qui
1939 2557 2000 2596 se
2028 2548 2092 2597 ut
2299 2532 2334 2590 i·
2378 2531 2471 2592 De
2520 2550 2701 2591 manu
2744 2543 2804 2592 et
2845 2532 2997 2609 pede
3042 2543 3099 2593 et

967 2631 1244 2709 paruulus
1298 2632 1684 2692 humiliauerit
1737 2633 1958 2693 docens
2013 2633 2091 2692 ait
2441 2626 2656 2687 hoculo
2683 2626 3001 2687 heruendo.

970 2744 1079 2784 nec
1122 2726 1428 2784 minimum
1472 2726 2005 2800 scandalizandum,
2035 2736 2092 2786 et
2284 2721 2337 2779 ii·
2394 2721 2473 2780 Et
2527 2740 2603 2780 ne
2663 2722 2970 2779 minimum
3026 2721 3099 2781 de
3203 2728 3283 2787 Et
3322 2745 3430 2787 nec
3478 2728 3789 2786 minimum
3847 2727 4108 2787 fidelium

969 2821 1108 2879 item
1177 2821 1577 2880 membrorum
1646 2822 1885 2881 nomine
1954 2822 2092 2881 uitia
2442 2816 2816 2875 credentibus
2850 2815 3100 2875 scanda-
3286 2820 3807 2881 scandalizandum
3856 2839 4108 2899 quorum

968 2912 1063 2972 uel
1138 2932 1308 2974 caros
1379 2915 1726 2975 incurabiles
1795 2917 2093 2994 praecepit
2441 2908 2754 2968 lizandum.
3286 2913 3478 2991 angeli
3538 2913 3745 2974 faciem
3804 2914 3990 2992 patris
4047 2913 4109 2971 in

970 3008 1374 3068 abscidendOS.
2291 3004 2368 3062 iii.
2412 3002 2683 3076 Quorum
2731 3003 2974 3081 angelos
3014 3003 3099 3062 fa·
3287 3007 3462 3067 caelis
3503 3025 3738 3087 semper
3776 3008 3997 3067 uident.

2441 3098 2595 3158 ciem
2625 3099 2805 3174 patris
2833 3099 2894 3157 in
2923 3098 3100 3158 caelis

2441 3211 2674 3270 semper
2728 3193 2928 3254 uidere
2984 3205 3099 3254 tes-

2441 3297 2609 3347 tatur.

891 3386 1115 3447 LXIII.
1156 3387 1251 3447 De
1308 3405 1421 3447 oue
1477 3406 1720 3449 erronea
1760 3398 1819 3447 et
1857 3406 2090 3464 correp·
2236 3381 2330 3440 iiii.
2375 3381 2682 3460 Correptio
2694 3380 2930 3440 fratrum
2940 3382 3099 3458 quod
3206 3371 3626 3450 Corripiendos
3700 3371 3904 3431 fratres
3932 3391 3944 3430 :
4048 3382 4108 3431 et

972 3484 1129 3542 tione
1158 3482 1343 3541 fratris
1370 3483 1681 3542 enuntians
1712 3493 1771 3542 et
1797 3483 2089 3542 consenti·
2443 3476 2732 3554 indulgeri
2775 3477 2985 3535 debeat
3020 3476 3100 3535 al·
3287 3468 3519 3544 saepius
3545 3465 3985 3544 indulgendum·

976 3578 1207 3637 entibus
1228 3578 1368 3636 dicit
1388 3586 1552 3636 orata
1568 3579 1846 3653 praestari
1873 3589 1931 3637 et
1951 3596 2090 3655 pec·
2441 3580 2724 3629 terutrum
2752 3589 2938 3647 usque
2967 3589 3099 3647 sep-

973 3673 1129 3731 canti
1177 3672 1508 3750 septuagies
1551 3673 1761 3748 septies
1802 3673 1961 3733 iubet
2002 3673 2091 3749 ig·
2443 3666 2670 3742 tuagies
2699 3665 2927 3742 septies

975 3767 1158 3839 nosci,
1236 3766 1494 3826 adhibita
1578 3767 1858 3843 parabola
1943 3766 2090 3826 serui

972 3861 1248 3921 debitoris
1323 3861 1423 3939 qui
1501 3870 1716 3938 negata
1800 3880 2092 3921 conseruo

971 3955 1338 4015 miseratione
1367 3954 1692 4014 damnatur.

887 4048 1147 4110 LXIIII.
1191 4047 1346 4109 Cum
1372 4050 1658 4109 rationem
1686 4049 1760 4108 de
1787 4050 1981 4110 libello
2008 4070 2094 4110 re·
2197 4047 2500 4104 XVIIII·
2544 4046 2679 4112 Qui
2699 4059 3103 4105 conseram
3207 4050 3373 4109 XIX.
3419 4048 3747 4109 Similitudo
3785 4047 3859 4108 de
3887 4047 3986 4107 illo
4014 4048 4115 4126 qui

973 4144 1136 4221 pudii
1183 4146 1560 4204 temtantibus
1609 4144 1949 4204 reddidisset
1988 4146 2094 4205 tria
2364 4156 2566 4198 suum
2592 4145 2875 4210 propter
2902 4142 3105 4198 <10¹2ss-
3290 4162 3643 4204 conseruum
3677 4161 3848 4202 suum
3877 4152 4117 4219 propter

971 4257 1100 4297 esse
1128 4257 1344 4316 genera
1374 4239 1573 4298 docuit
1601 4240 2021 4299 eunuchorum.
2362 4236 2787 4293 riosoentum
2804 4235 3104 4292 suffocat.
3291 4249 3530 4298 centum
3552 4238 3827 4299 denarios
3853 4236 4114 4297 suffocat.

894 4332 1079 4391 LXV.
1123 4332 1424 4410 Praecepit
1454 4333 1680 4394 oblatos
1710 4334 1819 4393 sibi
1859 4334 2096 4394 benedi·
2304 4327 2338 4385 i·
2370 4326 2633 4385 Uxorem
2652 4326 3106 4387 nondeberede-

974 4427 1196 4487 cendos
1222 4428 1502 4504 paruulos
1530 4446 1652 4487 non
1682 4429 1892 4505 repelli.
2421 4421 2590 4479 mitti.
2619 4421 2696 4479 Et
2708 4419 3107 4480 deEunuchiS.
3211 4416 3306 4475 De
3334 4416 3651 4477 Eunuchis.

898 4520 1119 4580 LXVI.
1162 4521 1434 4580 Secunda
1463 4522 1687 4580 domini
1720 4524 2099 4600 responsione
2299 4516 2353 4574 ii.
2398 4514 2663 4574 Infantes
2705 4533 2827 4575 non
2858 4533 2987 4574 esse
3016 4534 3109 4574 ar·
3213 4510 3475 4571 Infantes
3501 4529 3627 4571 non
3655 4530 3784 4571 esse
3827 4511 4116 4572 arcendos

977 4615 1155 4675 diuite
1197 4616 1560 4687 contristato,
1591 4618 2102 4676 contemnentibus
2453 4609 2676 4668 cendos
2705 4608 2934 4668 Diuites
2963 4609 3109 4667 diffi-
3296 4624 3332 4664 a
3358 4605 3784 4666 benedictione.

980 4720 1222 4788 propter
1271 4727 1334 4769 se
1381 4709 1726 4787 temporalia
1765 4711 2102 4788 centuplum
2455 4702 2567 4761 cile
2613 4703 2824 4761 intrare
2873 4703 2934 4761 in
2979 4721 3111 4781 reg·
3216 4699 3467 4760 Difficile
3513 4699 3756 4759 diuitem
3795 4699 4030 4759 introire
4059 4699 4121 4758 in

974 4815 1033 4864 et
1061 4805 1243 4864 uitam
1269 4805 1549 4882 promittit
1577 4815 1891 4865 aeternam.
2454 4815 2599 4855 num
2624 4796 2940 4857 caelorum.
3295 4812 3545 4872 regnum
3575 4794 3887 4854 caelorum.

894 4897 1145 4958 LXVII.
1167 4897 1452 4958 Parabola
1469 4899 1541 4958 de
1560 4900 1838 4976 operariis
1856 4901 1915 4958 in
1935 4900 2107 4959 uinea
2274 4891 2348 4950 iii·
2390 4891 2468 4950 Et
2515 4891 2853 4969 centuplum
2902 4910 3113 4970 accep-

977 5002 1243 5070 tempore
1267 4992 1497 5054 diuerso
1516 4994 1822 5054 conductis
1849 4994 2104 5054 adhibita
2455 4996 2646 5044 turum
2675 4986 2774 5064 qui
2800 4986 3114 5047 homnibus

977 5107 1159 5147 unam
1188 5105 1505 5167 paremque
1527 5088 1664 5149 dicit
1681 5106 1786 5149 eos
1806 5092 2103 5167 accepisse
2455 5080 2571 5138 suis
2600 5082 3031 5141 renuntiauerit.

981 5183 1331 5242 mercedem.
2206 5177 3118 5257 W

896 5292 2108 5301 ——————-———-——
2209 5270 2372 5319 docet.
3283 5265 3455 5321 XVII.
3489 5280 3629 5321 curat
3649 5287 3766 5320 aur.

968 5334 1132 5384 LXII.
1169 5334 1416 5399 praecipit
1445 5333 1618 5383 Thom.
1642 5333 1730 5382 Iris.
2278 5337 2358 5384 De
2383 5342 2560 5385 statere
2581 5335 2642 5384 in
2664 5336 2848 5386 XVIII
2864 5337 3096 5400 ponitur.
3283 5337 3484 5388 XVIII.
3520 5337 3877 5387 Humilitatem
3972 5333 4100 5383 doce

970 5400 1163 5450 LXIII.
1184 5400 1499 5449 consentibus
1514 5399 1578 5459 Y,
1593 5400 1912 5449 consensibus
1926 5399 1988 5448 U.
2011 5413 2104 5447 om.
2277 5399 2478 5450 XVIII.
2506 5401 2542 5449 i.
2585 5414 2622 5450 -ι-
2636 5409 2687 5450 et
2709 5409 2827 5451 ante
2846 5405 2924 5452 De
2946 5417 3112 5452 manu.
3220 5404 3346 5454 sicut
3370 5404 3508 5468 pueri
3533 5403 3680 5453 ΒΗΘ
3695 5417 3810 5451 aur.
3869 5402 4108 5459 anzeli-u·

901 5469 1111 5522 septies
1144 5465 1312 5514 Thone.
2214 5465 2266 5514 ii.
2301 5481 2396 5516 om.
2426 5468 2497 5515 de
2520 5470 2901 5518 erodentibus.
3219 5485 3392 5521 eorum
3413 5484 3534 5521 aur.
3597 5484 3693 5519 om.
3712 5471 3775 5517 in
3797 5469 3970 5518 οωῑίε
3987 5480 4107 5514 aur.

970 5531 1184 5580 LXVII.
1220 5529 1517 5578 Parabolam
1541 5528 1683 5579 A*U.
2280 5531 2506 5581 xv1111.
2520 5531 2571 5581 ii.
2588 5535 2857 5582 eruendos
2873 5546 2908 5581 4
2924 5549 2954 5581 a
2970 5532 3116 5582 bene·

2212 5598 2444 5648 dictione.
2468 5597 2681 5649 introire.
2701 5598 2771 5647 iii.
2789 5607 3115 5663 recepturum.
