4717 6400
805 621 930 688 290

1130 773 1333 823 AHVY
1352 774 1505 823 Harl.
1532 783 1673 838 2797.

802 865 1023 926 XLIX.
1079 866 1413 926 Lucernam
1459 866 1660 926 dicens
1709 884 1833 925 non
1876 885 2004 926 esse

882 962 992 1020 sub
1020 961 1223 1021 modio
1245 961 1384 1038 poni
1409 961 1647 1020 oculum
1668 961 1841 1020 docet
1865 962 2002 1020 sim-

883 1056 1093 1133 plicem
1123 1074 1252 1115 esse
1282 1055 1511 1114 debere.

802 1242 871 1303 L.
914 1244 1095 1321 Apud
1124 1243 1495 1321 pharisaeum
1526 1244 1811 1320 prandere
1833 1260 2003 1319 roga·

884 1349 976 1398 tus
1005 1339 1360 1415 cogitantem
1397 1338 1471 1398 de
1511 1337 1748 1397 iudaico
1787 1337 2003 1413 baptis-

884 1442 1038 1491 mate
1056 1441 1269 1491 notans
1286 1441 1344 1490 et
1359 1450 1471 1490 uae
1483 1431 1798 1509 pharisaeis
1815 1430 2004 1490 sexies

882 1527 1086 1586 dicens
1107 1526 1291 1585 multa
1310 1543 1517 1585 eorum
1539 1525 1694 1585 mala
1722 1526 2002 1604 coarguit.

802 1806 902 1867 LI.
946 1807 1261 1885 Discipulis
1285 1808 1562 1884 praecipit
1583 1816 1640 1866 et
1663 1826 1699 1866 a
1719 1808 2004 1867 fermento

884 1902 1203 1980 hypocrisis
1232 1919 1439 1960 cauere
1468 1910 1526 1960 et
1545 1919 1650 1962 eos
1673 1903 1771 1980 qui
1791 1920 2006 1979 corpus

883 1996 1160 2056 occidunt
1190 2014 1313 2053 non
1341 2005 1599 2054 metuere
1629 2014 1738 2055 nec
1777 1997 1839 2054 in
1875 2015 2005 2073 per-

884 2090 1184 2150 secutione
1218 2088 1359 2167 quid
1399 2087 1646 2148 locuturi
1689 2090 1804 2148 sint
1843 2088 2006 2166 cogi-

885 2194 1021 2244 tare.

809 3412 941 3472 LII.
986 3412 1214 3472 Petenti
1244 3411 1502 3490 quodam
1531 3411 1680 3472 inter
1711 3431 1775 3472 se
1805 3423 1862 3473 et
1894 3413 2010 3473 sra-

891 3519 1037 3567 trem
1054 3524 1227 3567 suum
1249 3507 1427 3567 diuidi
1448 3506 1823 3567 hereditatem
1844 3527 2011 3585 para·

889 3601 1089 3662 bolam
1125 3603 1290 3679 ponit
1326 3602 1400 3660 de
1439 3601 1617 3660 diuite
1655 3620 1838 3661 auaro
1872 3621 2011 3666 mox

891 3706 948 3756 et
1018 3695 1314 3773 discipulis
1384 3694 1832 3756 sollicitudinem
1898 3697 2011 3755 cibi

890 3791 1183 3868 uestisque
1239 3808 1355 3868 qua
1403 3800 1605 3850 carent
1651 3807 1792 3849 aues
1842 3809 2013 3867 prae-

892 3883 1032 3961 cipit
1060 3883 1416 3943 euitandam.

877 4147 1063 4198 XLIX.
1101 4150 1385 4214 ponendam
1412 4149 1458 4197 V
1473 4148 1632 4201 Harl.

877 4213 935 4262 L.
976 4215 1228 4278 cogitante
1247 4213 1402 4264 Harl.
1461 4216 1736 4280 pharissaei
1756 4216 1835 4278 H;
1857 4217 2018 4269 om.V.

880 4279 967 4328 LI.
1003 4280 1255 4345 praecepit
1275 4278 1393 4328 ΗΥ.
1453 4296 1546 4331 om.
1562 4288 1711 4347 etpr.
1728 4282 1792 4332 V.
1849 4290 2018 4334 cauete

815 4344 886 4393 H.
956 4346 1238 4409 cogitarunt
1262 4346 1326 4394 V.

880 4410 997 4461 LII.
1031 4427 1125 4462 om.
1149 4427 1262 4470 qua
1287 4410 1351 4461 Y.
1421 4413 1673 4479 praecepit
1696 4412 1765 4464 H.

1760 603 2214 666 CAPITULA
2266 603 2387 663 IN
2424 601 3067 663 EUANGELIUM

2475 772 2630 833 cm.

2188 868 2266 926 Et
2312 866 2610 925 lucernam
2654 882 2828 941 super
2868 881 3008 922 can-

2271 960 2574 1020 delabrum
2602 959 2762 1036 poni.

2187 1056 2263 1114 Et
2306 1054 2468 1132 quod
2507 1052 2756 1112 hoculus
2808 1053 2879 1111 sit
2923 1052 3007 1111 lu-

2270 1168 2444 1210 cerna
2472 1150 2752 1225 corporis

2189 1244 2351 1321 Aput
2379 1243 2712 1320 phariseum
2734 1241 3008 1300 inuitatus

2271 1338 2591 1397 lauandum
2624 1336 2818 1414 potius
2845 1336 3007 1413 quod

2271 1434 2428 1492 intus
2470 1442 2595 1490 aest
2637 1430 3008 1491 aelemosinis

2271 1526 2610 1604 pronuntiat
2701 1526 3006 1602 increpans

2272 1620 2488 1679 multos
2529 1618 2869 1696 pharisaeos
2916 1627 3008 1677 aet

2273 1715 2419 1790 legis
2447 1714 2733 1773 doctores.
2992 1750 2998 1756 -

2109 1813 2273 1870 XII.
2317 1810 2700 1868 Pharisaeis
2719 1810 3007 1866 uolenti-

2271 1908 2404 1963 bus
2459 1919 2618 1961 cum
2675 1919 2798 1961 aeo
2854 1919 3008 1962 con-

2270 2001 2552 2059 tendere

2191 2092 2507 2169 discipulos
2569 2090 2766 2167 palam
2835 2089 3009 2149 docet

2271 2187 2376 2245 hut
2450 2202 2653 2245 eorum
2723 2183 3009 2242 fallaciam

2272 2288 2518 2340 caueant
2546 2288 2604 2338 et
2632 2296 2769 2337 eum
2803 2279 3009 2337 timent

2271 2375 2372 2454 qui
2395 2385 2589 2451 potest
2606 2382 2742 2449 post
2758 2382 3011 2432 mortem

2271 2470 2327 2526 in
2358 2486 2655 2546 geennam
2683 2468 2928 2525 mittere.

2191 2563 2266 2623 Et
2290 2562 2485 2640 plures
2508 2580 2671 2621 aesse
2694 2560 3010 2638 discipulos

2272 2659 2534 2737 quinque
2563 2656 2896 2733 passeribus
2925 2654 3010 2713 di-

2274 2751 2496 2829 pondio
2524 2750 2871 2811 uolantibus.

2193 2845 2269 2903 Et
2311 2855 2623 2922 negantem
2667 2862 2733 2904 se
2769 2853 3012 2919 negatu-

2275 2958 2425 2998 rum.

2194 3033 2271 3093 Et
2300 3033 2569 3111 peccanti
2598 3033 2659 3090 in
2689 3033 2888 3110 spiritu
2911 3038 3012 3091 sco

2279 3146 2402 3187 non
2430 3127 2860 3186 remittendum.

2197 3222 2276 3281 Et
2315 3240 2437 3281 non
2465 3221 2842 3298 cogitandum
2874 3219 3013 3298 quid

2280 3316 2678 3392 adprehensus
2704 3315 2987 3394 loquatur.

2198 3411 2427 3471 Petenti
2510 3410 2811 3487 respondit
2895 3426 3017 3468 non

2279 3523 2443 3564 aesse
2488 3504 2801 3563 diuisorem
2852 3502 3015 3561 here-

2280 3599 2488 3658 ditatis.

2200 3693 2647 3753 Similitudinem
2730 3693 2857 3751 eius
2925 3692 3018 3750 cui

2280 3788 2462 3847 multa
2505 3798 2641 3846 nata
2683 3797 2817 3846 sunt
2858 3787 3020 3845 cuius

2283 3883 2480 3940 anima
2556 3882 2763 3940 eadem
2844 3889 3019 3939 nocte

2283 3986 2591 4054 peteretur.

2122 4152 2269 4201 Alex.
2300 4164 2390 4207 103
2436 4149 2620 4199 ehi-ad
2630 4148 2736 4215 fin.
2767 4158 2819 4199 et
2859 4158 3021 4200 custo·

2121 4217 2265 4266 diunt
2295 4217 2468 4265 Thom.
2536 4222 2587 4264 et
2619 4216 2820 4279 reginae
2851 4216 3020 4265 Thom.

2128 4289 2183 4338 >
2219 4281 2270 4330 in
2311 4281 2499 4331 iudicio
2533 4281 2654 4331 dicit
2691 4281 2795 4330 fore
2832 4281 3022 4330 Tkom:

2123 4347 2533 4470 mZIeIKIItpcg-gst
2544 4359 2819 4461 ⁴-taaanIi-rnam
2851 4411 3021 4461 Thom.

2124 4477 2233 4543 (sed
2255 4493 2349 4527 om.
2380 4477 2473 4532 al.)
2541 4477 2901 4527 uolantibus:
2939 4492 3025 4525 ua-

2121 4544 2340 4593 lentibus
2413 4545 2463 4592 T
2455 4543 2583 4592 lemn.
2670 4543 2722 4591 in
2799 4543 3023 4607 spiritum

2124 4617 2347 4659 sanctum
2387 4609 2556 4657 Thom.
2626 4611 3021 4666 cogitandum:

2123 4674 2332 4738 cogitari
2388 4673 2506 4722 dum
2567 4674 2734 4722 Thom.
2823 4677 3022 4732 adpre-

2124 4744 2366 4789 hensus:
2400 4739 2813 4804 compraehensus
2843 4739 2910 4789 al.
2943 4746 3022 4803 ap.

2135 4804 2303 4855 Thom.
2327 4808 2622 4862 respondit
2636 4817 2672 4855 4
2688 4821 2740 4854 se
2757 4805 2926 4855 Thom.
2952 4810 3025 4854 si-

2125 4873 2513 4920 militudinem
2529 4883 2564 4920 -ι-
2580 4870 2832 4935 proserens
2853 4871 3023 4922 Thorn.

2127 4951 2227 4985 non
2245 4943 2414 4985 autem
2428 4936 2575 4985 Alex.
2597 4948 2659 4999 14
2675 4944 2723 4985 et
2745 4937 2860 4987 Uat.
2879 4951 3026 5000 4231.

2126 5009 2432 5066 expeteretur
2451 5002 2518 5049 al.
2542 5008 2620 5065 ap.
2654 5001 2822 5052 Thom.

3116 769 3558 833 Bos(breues)ox
3569 771 3692 820 Par.
3706 771 3818 820 Lat.
3836 784 3855 819 1
3864 784 3926 834 04
3932 772 4011 832 38.

3109 1248 3429 1308 lauandum
3460 1249 3654 1327 potius
3676 1249 3839 1327 quod
3859 1250 4012 1310 intus

3192 1354 3279 1403 est
3307 1342 3639 1404 elemosinis
3663 1344 4014 1421 pronuntiat.

3112 1811 3253 1870 XII.
3286 1811 3343 1869 A
3359 1810 3678 1888 pharisaeis
3697 1819 3899 1868 monet
3920 1827 4012 1868 ca·

3195 1906 3455 1965 uendum
3475 1924 3542 1964 ac
3559 1921 3681 1963 non
3689 1902 4015 1963 timendum

3194 2019 3297 2060 eos
3325 2000 3426 2077 qui
3455 2016 3671 2076 corpus
3700 1998 3976 2058 occidunt

3120 3430 3339 3508 petenti
3358 3431 3656 3506 respondit
3675 3449 3737 3488 se
3757 3447 3878 3488 non
3890 3450 4019 3490 esse

3202 3524 3514 3583 diuisorem
3532 3524 3864 3584 hereditatis
3882 3544 4018 3585 cum

3203 3617 3634 3676 similitudinem
3686 3619 3881 3677 diuitis
3924 3620 4021 3679 cui

3203 3713 3383 3771 multa
3411 3713 3569 3771 bona
3598 3723 3735 3771 nata
3766 3713 3992 3773 fuerant

3192 4160 3283 4210 XI.
3320 4160 3627 4226 praenuntiat
3649 4161 3698 4211 O

3191 4227 3314 4278 XII.
3348 4230 3613 4277 occidunt
3627 4241 3665 4277 4-
3680 4243 3773 4292 pro
3784 4228 4029 4281 diuisione

3125 4291 3413 4342 hereditatis
3448 4300 3650 4359 rogatus
3687 4296 3862 4357 10438.
3929 4300 4026 4345 he·

3125 4361 3243 4408 red.
3263 4371 3298 4408 -ι-
3314 4358 3401 4408 ubi
3423 4358 3562 4409 iubet
3584 4359 3680 4408 dfis
3763 4376 3795 4410 o
3817 4361 3952 4411 nictu
3976 4368 4028 4411 et

3127 4424 3307 4474 uestitu
3367 4439 3468 4473 non
3522 4424 3683 4474 haben
3721 4442 3803 4475 am
3859 4443 4028 4476 curam

3130 4491 3304 4552 10438.
3407 4489 3734 4542 similitudine
3830 4493 4030 4543 BQJO⁶

3134 4555 3306 4604 Thone.
3374 4560 3511 4605 nata
3538 4558 3602 4606 fu
3629 4557 3848 4608 euanuit
3877 4558 3935 4608 in
3962 4559 4026 4610 X.

3125 4636 3217 4670 om.
3245 4626 3374 4671 natu
3395 4621 3456 4671 Ο.

3834 4102 4003 4110 --..,
