4717 6400
861 675 944 734 24
1822 662 1928 724 CA
1938 662 2279 725 PJTULA
2332 665 2455 726 [Ν
2488 667 2670 727 EUA
2681 666 3135 729 NGELJUM

1350 830 1562 882 AUVY.

861 930 1153 992 XXVIII.
1196 932 1432 993 Dicenti
1461 953 1672 1013 sequar
1699 945 1775 1009 te,
1805 956 1928 997 non
1955 938 2060 997 ha-

940 1028 1079 1086 bere
1122 1044 1186 1086 se
1235 1026 1374 1088 dicit
1420 1031 1521 1089 ubi
1563 1041 1741 1107 caput
1783 1032 2058 1112 reclinet:

938 1129 999 1180 et
1025 1121 1484 1199 interrogantem
1513 1123 1862 1201 discipulum
1889 1143 1926 1184 a
1953 1144 2059 1202 pa-

938 1225 1106 1275 terna
1131 1216 1317 1275 uetuit
1343 1217 1657 1294 sepultura.

854 1871 1081 1933 XXIX.
1123 1872 1198 1931 In
1238 1873 1378 1932 naui
1416 1873 1715 1935 dormiens
1755 1894 1792 1936 a
1828 1876 2054 1954 pericli·

932 1967 1195 2027 tantibus
1238 1969 1528 2029 excitatus
1575 1970 2052 2048 tranquillitatem

930 2062 1117 2121 uerbo
1144 2060 1408 2120 restituit.

850 2248 1043 2308 XXX.
1085 2249 1161 2308 In
1200 2259 1353 2310 terra
1398 2268 1846 2328 gerasaenorum
1883 2271 2050 2313 sana·

927 2344 1004 2402 tis
1048 2341 1384 2404 hominibus
1431 2344 1748 2405 daemones
1789 2347 1870 2406 ire
1920 2366 2050 2424 per·

928 2437 1105 2496 mittit
1130 2438 1192 2496 in
1220 2456 1453 2515 porcos·

846 2529 1071 2589 XXXI.
1113 2530 1187 2590 In
1237 2532 1469 2592 ciuitate
1518 2550 1624 2592 sua
1666 2533 2050 2612 paralyticum

927 2635 1092 2685 curat
1118 2625 1279 2702 prius
1306 2626 1655 2687 dimittendo
1683 2639 1945 2705 peccata.

847 2717 1104 2778 XXXII.
1146 2718 1454 2779 Matheum
1523 2731 1718 2793 uocat,
1776 2731 1836 2781 et
1891 2741 2048 2782 mur-

927 2813 1298 2873 murantibus
1327 2813 1401 2873 de
1427 2814 1877 2892 publicanorum
1907 2833 2049 2877 eon-

923 2907 1089 2967 uiuio
1131 2907 1453 2986 pharisaeis
1501 2909 1579 2968 ait
1623 2909 1777 2969 male
1827 2910 2049 2970 haben-

922 3001 1078 3060 tibus
1112 3019 1264 3080 opus
1304 3020 1432 3062 esse
1467 3003 1700 3062 medico
1727 3004 2047 3065 similitudi-

922 3111 1063 3154 nem
1082 3096 1265 3171 panni
1295 3095 1464 3156 rudis
1479 3115 1549 3157 ac
1571 3097 1692 3156 uini
1714 3098 1810 3158 uel
1829 3099 2046 3158 utrium

924 3207 1168 3266 ponens.

838 3942 1128 4005 XXXIII.
1169 3944 1434 4023 Pergens
1467 3945 1545 4005 ad
1582 3947 2040 4007 resuscitandam

919 4037 1101 4098 filiam
1157 4040 1438 4118 principis
1482 4040 1785 4101 mulierem
1826 4059 1862 4099 a
1902 4059 2041 4118 pro-

920 4131 1103 4195 fluuio
1154 4133 1459 4211 sanguinis
1521 4145 1691 4194 sanat
1752 4136 2041 4196 suscitans

918 4237 977 4287 et
1002 4227 1279 4305 puellam.

843 4318 1168 4381 XXXIIII.
1197 4321 1523 4383 Transiens
1546 4322 1697 4385 duos
1719 4341 1928 4383 caecos
1953 4324 2039 4382 in-

919 4414 1163 4475 luminat
1219 4426 1278 4477 et
1320 4424 1489 4475 muto
1535 4416 1799 4493 linguam
1854 4417 2040 4476 eiecto

917 4509 1209 4570 daemone
1238 4509 1443 4570 reddit.

900 4693 1153 4746 xxvm.
1187 4702 1323 4747 uetat
1343 4696 1394 4747 U
1417 4696 1588 4746 nom.

2580 836 2639 887 C.

2226 926 2302 985 iii.
2346 925 2441 986 De
2467 927 2733 1005 plurimis
2762 930 2928 989 curis.

2204 1205 2300 1266 iiii.
2342 1206 2423 1266 Et
2502 1210 2733 1269 scribae
2812 1211 3068 1270 uolentis

2406 1308 2620 1387 exequi
2636 1308 2776 1368 dicit
2792 1294 2873 1368 ἦῆ
2892 1311 3066 1370 abere

2407 1401 2590 1460 filium
2632 1402 2886 1462 hominis
2924 1403 3063 1463 hubi

2403 1505 2581 1573 caput
2610 1495 2871 1556 reclinet.

2240 1605 2293 1645 v.
2334 1588 2550 1666 Adque
2635 1590 2780 1650 alius
2864 1591 3065 1650 relicto

2403 1683 2586 1759 patris
2653 1703 2903 1762 corpore
2973 1704 3063 1745 se-

2404 1785 2616 1854 quatur
2641 1780 2935 1857 praecipit.

2167 1873 2367 1931 VIII.
2411 1874 2499 1929 In
2539 1875 2703 1931 naui
2742 1890 2901 1933 eum
2946 1891 3064 1934 ex-

2326 1966 2545 2026 citant
2614 1971 3063 2028 dormientem

2320 2061 2645 2131 discipuli
2711 2064 2842 2121 hut
2894 2068 3060 2123 tem-

2321 2160 2657 2225 pestatem
2685 2160 2975 2221 sedaret.

2252 2247 2291 2306 i.
2332 2248 2411 2308 Et
2437 2248 2500 2306 in
2567 2259 2719 2308 terra
2786 2269 3055 2328 grassen-

2400 2360 2572 2402 orum
2589 2343 2899 2405 daemonia
2907 2346 3054 2405 eicit.

2155 2533 2390 2590 VIIII.
2460 2534 2602 2592 Ubi
2659 2536 3057 2604 paraliticus

2315 2628 2574 2685 lectrum
2600 2631 2753 2688 fert.

2252 2719 2290 2778 i.
2334 2718 2669 2779 Mattheum
2696 2733 3004 2784 conuocat.

2241 2813 2298 2873 ii.
2342 2813 2482 2874 Hac
2508 2813 2735 2876 fariseis
2762 2833 3051 2875 murmur-

2397 2909 2632 2967 antibus
2660 2910 2733 2970 de
2776 2912 3053 2972 conuiuio

2397 3003 2840 3079 publicanorum
2917 3006 3052 3064 dicit

2396 3114 2521 3156 non
2537 3115 2667 3157 esse
2684 3098 2878 3176 hopus
2895 3099 3052 3158 sanis

2396 3190 2707 3252 medicum.

2213 3284 2287 3343 iii.
2329 3284 2646 3363 Discipulis
2666 3286 2946 3347 Ihoannis
2964 3288 3050 3346 in-

2395 3381 2823 3457 terrogantibus
2872 3400 3050 3459 quare

2394 3492 2520 3533 non
2561 3475 2902 3552 geiunarent
2939 3476 3051 3535 dis-

2395 3568 2572 3645 cipuli
2621 3570 2746 3629 eius
2803 3572 3051 3647 parabu-

2394 3661 2512 3722 lam
2538 3665 2723 3741 panni
2752 3674 2811 3723 et
2842 3666 3052 3724 scissu-

2394 3776 2494 3816 rae
2549 3768 2608 3817 et
2674 3758 2928 3818 hutrium
2993 3769 3052 3818 et

2390 3852 2512 3910 uini
2541 3852 2723 3929 ponit.

2187 3943 2281 4002 iiii.
2323 3943 2535 4004 Filiam
2575 3946 2851 4024 principis
2893 3965 3049 4006 mor-

2393 4048 2554 4099 tuam
2577 4039 2719 4098 dum
2742 4040 2900 4099 uadit
2923 4057 3047 4099 sus-

2389 4134 2571 4193 citare
2638 4135 2943 4194 mulierem
3014 4152 3050 4192 a

2389 4225 2680 4304 profluuio
2707 4228 2926 4288 liberat.

2226 4339 2276 4379 v.
2321 4320 2532 4381 Caecis
2600 4320 2791 4381 hoculi
2862 4322 3045 4400 aperi-

2388 4425 2583 4474 untur.

2209 4707 2329 4757 VII.
2363 4723 2410 4757 v.
2427 4720 2533 4760 4-oe
2554 4714 2672 4757 autc
2693 4715 2940 4772 sequatur.

2211 4772 2357 4823 VIII.
2393 4780 2451 4830 >
2466 4772 2793 4824 dormientem
2810 4772 3043 4823 excitant.

3264 841 3451 892 ΒΗΘ]
3456 841 3503 890 Τ
3525 858 3642 893 aar.
3667 845 3824 892 Harl.
3853 855 3994 908 2797.

3175 929 3267 991 De
3324 932 3587 1009 plurimis
3636 935 3828 1008 curis;
3897 945 3955 995 et
4011 947 4092 996 ut-

3254 1027 3472 1086 mortui
3501 1039 3767 1087 mortuos
3808 1047 3948 1090 suos
3983 1049 4075 1089 se-

3251 1121 3468 1197 peliant
3495 1122 3729 1182 cuidam
3755 1124 3912 1183 dicit.

3165 1873 3337 1932 VIII.
3382 1872 3687 1952 Nauigans
3756 1883 4064 1952 tempesta-

3243 1977 3361 2027 tem
3391 1968 3568 2027 sedat.

3161 2250 3232 2308 In
3272 2259 3424 2310 terra
3464 2268 3882 2327 gerasenorum
3924 2251 4060 2312 dae-

3241 2344 3442 2404 monia
3470 2345 3621 2404 eicit.

3158 2532 3262 2590 IX.
3305 2531 3658 2610 Paralyticus
3686 2543 3918 2593 curatus
3946 2534 4059 2594 lec·

3237 2635 3363 2686 tum
3392 2645 3564 2686 suum
3592 2637 3801 2703 portat.

3161 2720 3489 2781 Mattheum
3516 2731 3829 2781 conuocat.

3158 2814 3231 2873 In
3279 2815 3463 2874 domo
3506 2815 3632 2874 eius
3682 2814 4058 2875 discumbens

3236 2909 3552 2987 pharisaeis
3593 2908 3732 2969 dicit
3764 2928 3888 2969 non
3928 2928 4056 2970 esse

3238 3022 3391 3081 opus
3420 3003 3577 3063 sanis
3602 3003 3858 3063 medico.

3157 3286 3228 3344 X.
3315 3286 3662 3346 Parabolam
3746 3287 3925 3363 panni
3997 3297 4056 3345 et

3237 3381 3518 3440 scissurae
3546 3390 3604 3440 et
3625 3381 3839 3440 utrium
3860 3390 3918 3440 et
3936 3381 4056 3439 uini

3236 3475 3420 3552 ponit.

3156 3942 3465 4003 Mulierem
3507 3963 3544 4004 a
3581 3945 3872 4025 profluuio
3920 3966 4052 4007 san-

3232 4038 3424 4115 guinis
3479 4040 3683 4101 liberat
3749 4052 3807 4101 et
3875 4042 4053 4102 filiam

3231 4133 3511 4210 principis
3546 4135 3851 4195 cuiusdam
3891 4154 4052 4196 mor-

3232 4236 3393 4286 tuam
3421 4230 3662 4288 suscitat
3681 4228 3890 4290 Caecis
3910 4248 4051 4290 ocu-

3232 4319 3321 4380 los
3354 4323 3559 4398 aperit.

3216 4710 3335 4761 VII.
3371 4710 3435 4760 de
3458 4712 3690 4777 pluribus
3712 4728 3754 4763 c.
3774 4713 3872 4763 BH
3894 4730 3909 4774 3
3941 4713 4051 4779 plu-

3149 4775 3302 4825 rimos
3321 4783 3459 4827 curat
3481 4794 3598 4829 aur.

3213 4842 3306 4893 IX.
3323 4849 3539 4900 portat:
3559 4842 3752 4893 baiulat
3769 4843 3917 4893 ΒΗΘ
3930 4859 4048 4895 aur.

3143 4922 3240 4956 om.
3260 4911 3325 4956 in
3345 4911 3516 4958 domo
3537 4912 3663 4959 eius
3685 4912 4049 4959 discumbens

3147 4972 3327 5023 ΒΗΘ]
3370 4988 3488 5022 aur.
3537 4975 3694 5025 Harl.
3752 4984 3896 5039 2797.
3991 4982 4045 5031 >

3144 5037 3271 5088 dicit
3357 5038 3541 5103 pharis.
3619 5040 4047 5102 (-)(dioen⁸).1aur.

3143 5106 3325 5153 amit:
3361 5104 3544 5155 ualidis
3561 5105 3709 5154 ΒΗΘ
3731 5121 3848 5156 aur.
3894 5105 4048 5155 medi·

3145 5170 3220 5219 cis
3246 5169 3313 5230 Θ,
3337 5185 3446 5219 -cus
3470 5170 3542 5231 H,
3567 5186 3704 5221 -cum
3726 5187 3843 5222 aar.

3209 5234 3275 5285 X.
3311 5251 3407 5285 om.
3446 5242 3507 5286 et
3539 5243 3657 5286 ante
3695 5237 3799 5286 nini
3840 5236 3894 5285 H
3929 5252 4045 5286 aar.

3141 5313 3237 5349 om.
3267 5304 3435 5359 ponit
3469 5302 3540 5350 H.
3613 5308 3715 5353 ψεῖ
3748 5308 3866 5351 ante
3899 5303 4044 5351 muli-

3141 5380 3275 5415 erem
3310 5366 3382 5415 Η.
3448 5382 3541 5418 om.
3567 5370 3861 5426 sanguinis
3895 5367 4045 5417 ΒΗΘ

3141 5446 3258 5481 aur.
3291 5433 3447 5482 Harl.
3490 5443 3630 5498 2797.
3706 5440 3763 5490 >
3787 5433 4044 5483 cniusdam

3143 5496 3382 5561 principis
3406 5498 3476 5549 H.
