4717 6400
906 667 992 733 30

1402 828 1619 882 AUVY.

903 916 1005 975 LI.
1049 916 1329 997 Quinque
1357 922 1612 999 panibus
1639 931 1699 981 et
1727 922 1958 985 duobus
1995 928 2114 1004 pis-

981 1012 1149 1073 cibus
1178 1015 1440 1093 quinque
1481 1017 1743 1077 uirorum
1771 1019 1931 1079 milia
1959 1030 2113 1081 satu-

981 1112 1201 1167 rantur.

898 1199 1030 1261 LII.
1072 1202 1398 1264 Ambulans
1452 1221 1627 1281 supra
1671 1224 1834 1266 mare
1881 1217 2110 1284 petrum

979 1307 1342 1374 mergentem
1396 1298 1568 1372 leuat,
1617 1309 1674 1359 et
1716 1301 1777 1359 in
1817 1319 2108 1378 gennesar

978 1391 1142 1451 multi
1170 1392 1431 1452 fimbriae
1460 1402 1619 1453 tactu
1647 1394 1959 1456 saluantur.

890 1847 1052 1908 LIII.
1095 1849 1525 1923 Quaerentibus
1555 1851 1629 1912 de
1655 1871 1779 1913 non
1818 1854 1953 1915 lotis
1981 1855 2095 1917 dis·

969 1945 1295 2022 cipulorum
1336 1947 1606 2008 manibus
1636 1966 1708 2007 ea
1735 1948 1873 2008 dicit
1900 1949 2091 2009 homi-

968 2057 1108 2098 nem
1136 2058 1288 2118 quae
1317 2041 1391 2100 de
1417 2041 1596 2102 corde
1643 2053 1861 2103 exeunt
1901 2044 2090 2122 inqui-

966 2151 1124 2194 nare.

883 2445 1080 2508 LIIII.
1124 2447 1439 2509 Cananeae
1482 2448 1661 2509 filiam
1704 2468 1741 2509 a
1768 2449 2083 2511 daemonio

960 2542 1197 2604 laudata
1222 2545 1424 2604 matris
1452 2543 1567 2604 fide
1600 2546 1841 2605 curauit.-

874 3014 999 3076 LV.
1045 3016 1247 3078 Multis
1286 3019 1347 3077 in
1391 3017 1527 3078 loco
1562 3016 1792 3077 deserto
1835 3017 2070 3091 sanatiS,

952 3124 1225 3191 quattuor
1276 3112 1534 3171 uirorum
1601 3112 1780 3171 millia
1846 3122 2071 3189 septem

951 3220 1088 3269 sunt
1113 3209 1360 3286 panibus
1390 3208 1643 3268 saturati.

869 3305 1028 3367 LVI.
1072 3308 1223 3367 Item
1263 3307 1595 3384 petentibus
1625 3306 1749 3367 dari
1789 3304 1863 3365 de
1905 3305 2069 3366 caelo

949 3403 1186 3479 signum
1241 3403 1411 3463 ionae
1472 3401 1667 3479 potius
1721 3399 1847 3460 dari
1900 3419 2067 3477 prae-

947 3496 1107 3555 dixit.

864 3588 1054 3649 LVII.
1098 3590 1391 3650 Fermenti
1440 3590 1681 3650 nomine
1735 3589 2066 3649 cauendum

944 3686 1225 3762 praecipit
1252 3704 1288 3744 a
1315 3685 1580 3744 doctrina
1606 3683 2064 3761 pharisaeorum.

861 3778 1085 3838 LVIII.
1128 3778 1518 3855 Interroganti
1574 3779 1816 3838 domino
1886 3796 2063 3856 quem

939 3893 1076 3934 eum
1120 3874 1377 3934 dicerent
1420 3873 1690 3934 homines
1734 3891 1862 3932 esse
1917 3891 2063 3932 con-

938 3968 1109 4029 sessio
1164 3969 1309 4047 petri
1365 3968 1659 4029 caelorum
1708 3969 1786 4027 ab
1826 3986 1900 4028 eo
1942 3967 2060 4027 cla-

936 4064 1105 4123 uibus
1132 4074 1483 4122 muneratur.

855 4157 1015 4217 LIX.
1092 4157 1407 4217 Passurum
1497 4175 1561 4216 se
1640 4157 2057 4234 praenuntians

932 4251 1427 4313 contradicentem
1480 4262 1710 4329 petrum
1772 4252 2052 4329 increpat,

931 4357 991 4406 et
1017 4364 1256 4406 omnem
1283 4345 1580 4406 uolentem
1609 4346 1772 4424 sequi
1800 4364 1863 4405 se
1883 4346 2055 4406 docet

933 4442 1226 4518 abnegare
1256 4458 1319 4499 se
1346 4440 1557 4517 ipsum.

835 4817 2048 4910 m

904 4913 1045 4966 LIX.
1079 4916 1400 4975 uolentem;
1432 4911 1743 4962 uoluntatem
1765 4910 1878 4962 UY.

1830 654 2330 725 ‘CAPITULA
2384 666 2498 728 IN
2537 670 3188 735 EUANGELJUM

2642 845 2702 895 C.
3316 854 3501 905 ΒΗΘ]
3503 855 3550 905 Τ
3569 873 3687 908 aur.
3712 860 3872 911 Harl.
3897 872 4039 927 2797.

2317 932 2351 989 i.
2395 932 2489 992 De
2517 936 2775 1013 quinque
2797 940 3045 1015 panibus
3062 954 3122 1001 et
3224 943 3318 1004 De
3344 949 3604 1026 quinque
3637 952 3889 1027 panibus
3931 966 3989 1015 et
4017 957 4123 1015 du-

2463 1028 2696 1089 duobus
2743 1033 3004 1108 piscibus
3059 1036 3119 1094 in
3303 1041 3453 1101 obus
3480 1044 3737 1120 piscibus
3766 1048 3826 1106 in
3860 1050 4122 1129 quinque

3301 1136 3460 1195 milia
3488 1139 3661 1198 uiros

3217 1226 3319 1287 nas
3363 1248 3538 1308 super
3593 1251 3755 1292 mare
3811 1238 4121 1299 ambulans

2457 1312 2616 1371 bulat
2724 1324 2784 1373 et
2884 1328 3113 1393 petrum
3296 1334 3529 1398 petrum
3608 1341 3974 1406 mergentem
4036 1333 4117 1393 le-

2453 1418 2815 1483 mergentem
2843 1410 3070 1470 alleuat.
3297 1428 3412 1477 uat.

2267 1496 2339 1555 iii.
2383 1497 2460 1557 Et
2508 1500 2569 1559 in
2619 1512 2769 1562 terra
2821 1521 3109 1580 gennesar
3212 1508 3345 1569 XV.
3389 1512 3570 1586 Quod
3619 1535 3690 1575 ea
3737 1518 3925 1595 magis
3964 1538 4116 1597 quae

2451 1594 2665 1655 multos
2796 1597 3107 1675 languores
3291 1605 3364 1665 de
3381 1625 3481 1666 ore
3496 1621 3712 1670 exeunt
3734 1613 4113 1690 coinquinant

2449 1699 2628 1748 curat.
3286 1698 3603 1762 hominem.

2460 1123 2718 1203 quinque
2753 1120 2912 1186 milia
2940 1130 3115 1190 uiros

2300 1214 2355 1273 ii.
2400 1215 2542 1275 Ihfis
2584 1236 2759 1295 supra
2800 1239 2959 1281 mare
2989 1242 3116 1282 am-

2198 1875 2347 1935 XV.
2389 1879 2490 1937 De
2518 1880 2835 1939 manibus
2862 1885 3100 1942 laban-

2358 1972 2467 2030 dis
2516 1978 2587 2032 et
2628 1978 2715 2034 de
2762 1977 2872 2034 his
2921 1993 3098 2048 quae

2355 2069 2443 2125 de
2476 2069 2641 2128 hore
2668 2076 2944 2130 exeunt.

2287 2170 2323 2229 i.
2369 2170 2527 2244 Quia
2558 2175 2938 2252 coinquinant
2974 2196 3096 2237 non

2436 2285 2589 2344 quae
2631 2269 2849 2329 intrant
2888 2272 2949 2329 in
2988 2271 3094 2332 ho·

2434 2347 2673 2422 minem.

2277 2450 2333 2510 ii.
2379 2452 2588 2514 Filiam
2631 2458 2887 2519 mulieris
2930 2478 3090 2536 syro·

2432 2548 2743 2624 phenissae
2786 2572 2822 2613 a
2852 2554 3089 2616 daemo-

2430 2643 2531 2702 nio
2559 2655 2739 2705 curat.

2251 2734 2325 2793 iii.
2370 2733 2446 2795 Et
2475 2755 2645 2798 secus
2689 2754 2850 2802 mare
2877 2743 3086 2820 galilae

2426 2832 2629 2894 clodos
2645 2853 2857 2896 caecos
2878 2847 2934 2897 et
2952 2856 3084 2897 mu-

3199 2441 3404 2501 Filiam
3478 2445 3735 2506 mulieris
3817 2450 4096 2527 syrophe-

3276 2538 3467 2597 nissae
3508 2558 3544 2598 a
3585 2540 3902 2603 daemonio
3931 2557 4100 2606 sanat

3276 2643 3332 2691 et
3361 2633 3576 2694 multos
3603 2635 3750 2696 alios
3780 2648 3959 2697 sanat.

2432 2937 2525 2987 tos
2555 2940 2737 2989 sanat.

2175 3021 2359 3079 XVI.
2424 3025 2525 3082 De
2580 3028 2843 3096 septem
2895 3032 3085 3098 pani-
3189 3014 3352 3077 XVI.
3397 3018 3491 3080 De
3546 3019 3772 3098 septem
3832 3025 4084 3100 panibus

2336 3118 2468 3176 bns
2496 3123 2567 3177 et
2604 3124 2844 3190 paucis
2881 3124 3082 3193 pisci-
3267 3114 3330 3172 in
3358 3125 3608 3193 quatuor
3640 3117 3797 3178 milia
3823 3120 4013 3178 uiros:

2333 3214 2467 3272 bus
2507 3218 2847 3285 quadrum·
2893 3219 3084 3279 milia

2334 3309 2689 3368 hominum
2716 3317 2998 3372 saturat.

2269 3400 2305 3457 i.
2348 3400 2444 3460 De
2492 3403 2657 3479 signe
2712 3404 2894 3465 Ionae
2940 3425 3079 3483 pro-

2416 3495 2645 3572 phetae.

2260 3587 2315 3646 ii.
2359 3588 2452 3648 De
2487 3589 2774 3653 fermento
2814 3593 3074 3670 pharise-

2417 3702 2602 3744 orum.

2232 3775 2306 3835 iii.
2347 3776 2443 3837 De
2470 3780 2816 3858 episcopatu
2843 3783 3006 3860 petri.

2210 3870 2301 3929 iiii.
2346 3871 2547 3945 Quem
2575 3875 2836 3951 increpat
2852 3876 2961 3936 hac
2984 3877 3067 3936 di-

2410 3969 2492 4026 cit
2512 3987 2752 4028 crucem
2774 3989 2941 4030 suam
2963 3972 3064 4033 de-

3177 3584 3235 3643 A
3297 3584 3585 3647 fermento
3642 3589 4079 3672 pharisaeorum

3258 3681 3584 3740 cauendum
3648 3683 3923 3743 christum
3984 3686 4080 3745 dei

3254 3774 3374 3833 uiui
3435 3774 3617 3835 filium
3683 3796 3811 3837 esse
3879 3790 4080 3856 petrus

3254 3868 3561 3928 confitetur
3579 3889 3596 3943 ς
3625 3889 3920 3950 quemque
3939 3884 4075 3951 post

3250 3962 3551 4039 paululum
3619 3965 3863 4025 christus
3934 3968 4074 4027 dure

2409 4062 2547 4121 bere
2587 4063 2785 4123 tollere
2812 4065 3064 4125 hunum-
3250 4057 3529 4134 increpat·

2407 4174 2698 4234 quemque
2767 4160 2868 4237 qui
2927 4161 3066 4221 uelit

2404 4251 2714 4310 dominum
2743 4255 2923 4330 sequi.

2240 4362 2289 4401 v.
2332 4341 2411 4403 Et
2465 4345 2606 4406 dicit
2660 4366 2782 4407 non
2831 4349 3061 4410 uisuros

2402 4439 2693 4516 quosdam
2808 4453 3059 4503 mortem

2401 4533 2595 4594 donec
2618 4534 2857 4595 uideant
2874 4538 3058 4599 filium

2399 4627 2656 4688 hominis
2736 4631 2799 4690 in
2875 4652 3058 4711 regno

2398 4741 2507 4782 suo
2533 4725 2748 4783 uenire.

2212 4846 2355 4896 x1v.
2392 4846 2425 4895 i.
2457 4846 2692 4899 uirorum.
3153 4818 4063 4897 m

3158 4910 3446 4972 ΒΗΘ(αῙῙ->
3467 4926 3584 4959 aur.
3614 4910 3863 4972 (allebat).

3222 4976 3337 5025 XV.
3373 4975 3548 5025 liberat
3573 4976 3647 5025 bis
3671 4976 3745 5036 H,
3769 4978 3943 5041 primo
3964 4979 4061 5027 loco

3157 5042 3245 5091 ΒΘ
3270 5041 3425 5091 Harl.
3452 5050 3579 5106 2797
3610 5042 3783 5092 Hom.

3219 5107 3363 5156 XVI.
3397 5122 3492 5156 om.
3543 5122 3666 5158 esse
3705 5108 3860 5158 Harl.
3911 5117 4056 5172 2797.

3151 5187 3429 5232 quemque
3451 5188 3463 5221 :
3497 5180 3646 5237 atque
3663 5173 3732 5223 H.
3781 5173 3954 5224 Petrus
3959 5182 4060 5239 pro

3152 5238 3380 5288 Christus
3397 5238 3546 5287 ΒΗΘ
3562 5240 3650 5287 sed
3666 5240 3947 5304 increpatur
3969 5240 4018 5288 H
4040 5257 4054 5301 ς

3150 5320 3245 5354 om.
3269 5310 3317 5353 et
3337 5303 3510 5354 Petrus
3530 5311 3580 5354 et
3600 5304 3827 5355 Christus
3847 5320 3962 5355 aur.
