4717 6400
901 724 1020 788 174

2168 1020 2629 1104 CAPITU
2646 1021 2804 1103 LA
2901 1022 3039 1104 IN
3142 1023 4013 1108 EUANGELIUM

876 1259 1115 1323 Capitula
1135 1265 1333 1307 exstant
1355 1257 1414 1305 in
1438 1254 1836 1305 ACDffGHGJ
1868 1253 2112 1318 (capitula
2132 1259 2180 1302 et
2200 1254 2392 1315 breues)
2418 1253 2780 1316 KOQTVXY.

870 1341 1072 1391 Desunt
1103 1346 1271 1389 autem
1304 1340 1364 1388 in
1404 1337 1951 1397 BEFILMM’PRWZ,
1983 1341 2031 1385 et
2051 1351 2147 1401 vg„
2185 1336 2510 1401 omnibusque
2543 1351 2663 1400 quos
2691 1335 2921 1385 uidimus
2954 1336 3060 1386 edd.
3084 1338 3330 1403 antiquis.
3358 1355 3458 1389 exc.
3482 1339 3662 1389 Kesler
3687 1341 3812 1402 1487
3836 1339 3895 1388 in
3928 1354 4024 1403 quo

804 1423 1016 1473 habetur
1036 1423 1305 1486 registrum
1326 1422 1491 1486 capita
1514 1420 1597 1469 xvi
1623 1421 1893 1469 continens.

869 1506 1061 1556 Inscr.:
1103 1504 1345 1568 incipiunt
1378 1504 1597 1569 capitula
1628 1503 1901 1553 lectionum
1936 1502 2001 1562 A,
2025 1500 2269 1565 incipiunt
2301 1500 2524 1566 capitula
2558 1516 2724 1551 marco
2748 1501 2818 1561 H,
2843 1500 3085 1566 incipiunt
3118 1502 3253 1552 tituli
3277 1489 3417 1554 «ὅσ-εἷα
3448 1519 3670 1554 marcum
3693 1504 3760 1567 V,
3782 1502 4025 1568 incipiunt

802 1587 1051 1654 capitulae
1082 1587 1351 1637 secundum
1383 1602 1633 1636 marcum:
1679 1585 1923 1649 incipiunt
1954 1585 2176 1648 capitula
2208 1584 2482 1633 lectionum
2504 1583 2565 1643 Y,
2593 1584 2769 1648 incipit
2800 1583 3028 1635 aelencus
3052 1583 3111 1646 C,
3136 1586 3314 1651 incipit
3347 1585 3642 1652 oepitulatio
3675 1585 4023 1652 parabolarum

1286 1755 1510 1806 AHVY.
2315 1750 2456 1802 COT
2476 1751 2632 1803 Harl.
2661 1764 2804 1817 ²797·
3149 1755 3187 1803 J
3210 1754 3420 1814 (breues)
3436 1753 3535 1803 ΟΧ
3554 1755 3678 1802 Par.
3698 1754 3815 1803 Lat.
3845 1751 4021 1816 10438.

807 1851 1080 1925 Edidimus
1101 1866 1163 1900 ex
1183 1850 1335 1899 codice
1358 1852 1406 1898 A
1431 1850 1528 1913 (cd.
1560 1849 1746 1909 Tisch.)
1773 1865 1886 1897 cum
1918 1849 2010 1898 col·
2119 1841 2198 1906 Cf.
2229 1844 2279 1892 T
2270 1842 2569 1901 homa-rium,
2595 1834 2694 1892 dol·
2718 1842 2765 1892 I·
2783 1850 2840 1907 p-
2864 1857 2977 1904 330·
3123 1845 3201 1909 Cf
3236 1846 3286 1893 T
3276 1845 3405 1894 lwm·
3430 1845 3474 1893 I·
3498 1860 3548 1909 P·
3571 1845 3684 1905 328·

871 1928 1056 1977 latione
1086 1927 1216 1977 codd.
1243 1927 1352 1976 rell.
1375 1926 1437 1990 cf.
1471 1927 1523 1976 Τ
1514 1926 1815 1988 homas-ium,
1839 1926 1939 1975 uol.
1964 1925 2011 1975 I.
2113 1920 2391 1968 Edia'imus
2421 1936 2485 1969 ex
2514 1920 2667 1969 codice
2700 1920 2743 1969 C
2777 1919 3018 1969 adhibitis
3118 1923 3396 1973 Edidimus
3416 1938 3479 1971 ex
3498 1922 3651 1971 codice
3682 1922 3729 1972 Ο
3763 1921 4023 1970 uarianti·

862 2012 919 2070 p,
945 2019 1056 2068 303,
2181 1997 2239 2046 in
2275 1997 2465 2047 notulis
2499 1998 2825 2046 nat-lantibus
2856 1999 3013 2047 lectio-
3183 2001 3272 2049 bus
3293 2000 3591 2059 lectionibus,
3621 2000 3730 2049 nisi
3748 2000 3819 2049 ad
3836 2014 4023 2049 meram
4090 1978 4103 2003 ⁸

2181 2075 2345 2132 nibus,
2389 2075 2595 2139 exceptis
2649 2075 2716 2124 iis
2770 2090 2896 2140 quae
2949 2076 3022 2124 ad
3182 2078 3587 2142 orthographiam
3603 2076 3947 2142 spectantibus,
3965 2077 4023 2125 in

2179 2153 2587 2217 orthographiam
2609 2159 2839 2217 spectant.
2908 2154 3016 2202 Lit-
3184 2156 3374 2206 notulis
3395 2155 3651 2205 adhibitis.

2179 2238 2312 2280 teme
2334 2231 2581 2294 nigriores
2598 2231 2658 2279 in
2674 2230 2828 2280 codice
2845 2230 3016 2280 rubri-

2178 2315 2313 2358 caiae
2332 2315 2468 2356 sunt.

809 2431 857 2492 1,
906 2430 1115 2490 Esaiae
1170 2430 1503 2490 testimonio
1565 2429 1851 2489 iohannes
1905 2446 2010 2487 an-
2114 2417 2172 2474 Ι.
2216 2417 2317 2473 De
2366 2416 2670 2473 Iohanne
2716 2416 3017 2473 babtista
3118 2416 3165 2476 I.
3213 2415 3305 2475 De
3352 2414 3607 2475 iohanne
3661 2413 3915 2489 baptista
3967 2422 4026 2472 et

890 2526 1058 2603 gelus
1093 2524 1154 2584 id
1194 2535 1281 2585 est
1322 2524 1557 2585 nuntius
1598 2523 1919 2601 appellatur
1954 2532 2014 2582 et
2276 2514 2389 2568 aet
2415 2510 2610 2567 uictu
2635 2513 2746 2568 aet
2773 2510 3018 2568 habitu
3200 2511 3424 2570 uictum
3445 2519 3501 2568 et
3523 2508 3743 2567 abitum
3764 2506 4024 2566 eiusdem

890 2618 1244 2696 praedicatio
1285 2617 1409 2678 eius
1447 2618 1885 2695 baptismusque
1921 2636 2011 2676 re·
2276 2596 2480 2662 aeim-
3200 2605 3521 2681 baptizatus
3551 2603 3639 2661 ihs
3665 2612 3724 2662 et
3754 2611 4025 2662 temtatus

893 2713 1082 2772 fertur,
2198 2694 2290 2754 De
2313 2696 2605 2755 babtismo
2625 2695 2738 2754 Ihu
2754 2704 2810 2754 et
2831 2705 3015 2772 temp·
3201 2699 3354 2758 uicit.

2277 2790 2495 2848 tatione
2523 2790 2698 2847 aeius.

811 2900 890 2959 11.
948 2898 1212 2958 Christus
1280 2899 1624 2975 praedicans
1693 2897 2014 2974 baptizatur

892 2995 994 3054 ubi
1050 2994 1311 3053 trinitatis
1365 2992 1633 3073 panditur
1683 3009 2012 3050 sacramen-

890 3099 1031 3148 tum.

810 3183 922 3243 111.
966 3181 1060 3241 De
1100 3182 1406 3242 uocatione
1448 3181 1596 3259 petn'
1639 3179 1889 3241 andreae
1930 3179 2010 3239 ia·
2199 3165 2435 3226 Petrum
2492 3166 2769 3226 andream
2819 3176 2876 3224 et
2926 3162 3019 3224 Ia·

892 3278 1023 3338 cobi
1050 3288 1107 3336 et
1135 3276 1404 3336 iohannis
1431 3276 1800 3352 piscatorum.
2281 3261 2498 3321 cobum
2574 3270 2632 3319 et
2710 3258 3020 3319 Iobannen

2279 3354 2444 3430 sequi
2479 3354 2653 3412 iubet.

809 3466 952 3528 1111,
998 3466 1071 3525 In
1112 3481 1416 3543 synagoga
1454 3463 1526 3524 de
1565 3462 1805 3522 homine
1847 3462 2012 3541 spiri-
2198 3446 2289 3506 De
2337 3446 2576 3506 homine
2617 3448 2718 3524 qui
2758 3451 2891 3524 siim
2931 3448 3020 3504 in·
3122 3449 3202 3508 ΙΙ.
3245 3448 3483 3508 Petrum
3509 3460 3568 3508 et
3601 3459 3827 3509 ceteros
3863 3448 4027 3525 sequi

890 3571 1015 3619 tum
1033 3558 1380 3618 inmundum
1409 3567 1763 3617 metuentem
1783 3565 1842 3616 et
1869 3574 2012 3615 con·
2280 3541 2779 3600 mundumhabuit
2795 3550 3016 3600 sanato.
3201 3544 3360 3603 iubet
3385 3543 3686 3603 hominem
3721 3545 3796 3603 ab
3829 3544 4028 3623 spiritu

891 3654 1150 3713 fitentem
1185 3652 1481 3729 expellens
1519 3670 1624 3711 sua
1658 3652 1734 3710 ab
1767 3649 2014 3711 homini·
3200 3636 3485 3697 inmundo
3511 3637 3679 3715 eripit

892 3749 1002 3806 bus
1030 3756 1317 3823 potestate
1345 3745 1626 3806 laudatur.

809 3837 885 3896 V.
925 3838 982 3897 A
1002 3855 1175 3897 socru
1196 3837 1338 3913 petri
1360 3836 1518 3895 febre
1536 3836 1718 3896 uerbo
1737 3844 2012 3910 tactuque
2115 3827 2212 3883 11·
2267 3828 2370 3883 De
2449 3839 2651 3882 soom
2722 3824 2901 3894 petri
2975 3839 3016 3882 a
3116 3845 3351 3888 socrum
3399 3826 3545 3903 petri
3588 3845 3624 3884 a
3665 3824 3919 3885 febribus
3962 3824 4027 3882 li-

892 3931 1135 4010 depulsa
1180 3931 1338 3989 uaria
1392 3941 1635 3990 cunctos
1682 3927 2012 3988 infirmitate
2275 3920 2582 3977 febribus
2638 3919 3014 3977 liberatam.
3199 3924 3361 3981 berat
3380 3931 3437 3981 et
3467 3919 3610 3980 alios
3631 3920 3846 3979 multos
3868 3927 4028 3979 curat

891 4025 1128 4086 curauit.
3199 4016 3470 4075 iacobum
3504 4012 3697 4090 alphei
3733 4015 3897 4091 sequi
3940 4014 4026 4071 iu-

3200 4110 3297 4169 bet
3343 4120 3401 4169 et
3447 4107 3666 4167 iudaeis
3717 4108 3855 4167 dicit
3904 4125 4025 4165 non

3202 4222 3329 4265 esse
3358 4220 3510 4282 opus
3540 4202 3694 4262 sanis
3715 4202 4024 4262 medicum.

813 4291 918 4352 VI.
968 4290 1265 4368 Leprosus
1321 4290 1504 4348 uerbo
1561 4306 1680 4366 quo
1737 4288 1816 4347 ait
1875 4286 2013 4346 uolo
2197 4280 2289 4339 De
2317 4280 2570 4357 leproso.

893 4385 1205 4445 mundatur
1272 4394 1332 4443 et
1399 4382 1622 4442 curatio
1693 4381 2015 4459 paralytico
2200 4374 2291 4434 De
2317 4374 2651 4452 paralytico.

894 4497 1029 4540 cum
1095 4479 1433 4538 remissione
1487 4475 1750 4536 tribuitur
1803 4493 2014 4553 pecca·

891 4583 1102 4633 tofum.

809 4668 947 4727 VII.
991 4667 1138 4727 Leui
1159 4666 1256 4744 qui
1285 4679 1345 4725 et
1371 4663 1658 4724 mattheus
1679 4662 1753 4722 de
1781 4663 2014 4721 teloneo
2203 4655 2480 4716 Iacobum
2538 4655 2669 4714 alfei
2719 4655 2884 4732 sequi
2932 4657 3019 4713 iu·

893 4772 1133 4822 uocatur
1160 4771 1218 4819 et
1252 4778 1362 4837 pro
1398 4758 1842 4835 publicanorum
1872 4775 2015 4816 con·
2280 4752 2378 4808 bet
2447 4759 2587 4826 aput
2654 4766 2829 4826 quem
2885 4765 3019 4806 cum

892 4857 1051 4915 uiuio
1095 4854 1350 4933 querella
1398 4853 1492 4911 uel
1532 4852 1786 4911 obiectio
1826 4848 2017 4926 phari·
2282 4843 2606 4921 publicanis
2632 4842 2910 4902 conbibit.

877 5010 920 5060 1.
954 5009 1291 5060 testimonium
1315 5009 1377 5058 Y.
2185 5006 2225 5054 1.
2268 5012 2321 5061 >
2346 5014 2395 5053 et
2423 5004 2653 5052 andream
2685 5004 2736 5051 T
2728 5003 2858 5051 hom.
2924 5017 3017 5051 om.
3188 5001 3231 5049 I.
3265 5009 3314 5049 et
3337 4999 3472 5048 uictu
3487 5007 3537 5048 et
3560 4998 3736 5047 habitu
3752 4997 3823 5046 Οο
3839 4998 4024 5060 (ab.)X

878 5076 976 5126 111.
1006 5079 1158 5134 petri
1173 5090 1207 5124 -ι-
1223 5083 1273 5124 et
1304 5076 1474 5124 Thom.
2118 5077 2315 5121 sanato
2337 5071 2385 5119 Θ
2409 5077 2455 5118 et
2474 5070 2620 5118 Alex.
2645 5081 2706 5131 14
2726 5077 2803 5132 ap.
2830 5068 3001 5116 Thom.
3130 5066 3332 5124 Thom.;
3366 5065 3429 5114 de
3447 5065 3582 5114 uictu
3599 5070 3647 5113 et
3665 5064 3779 5112 hab.
3798 5064 3854 5113 J.
3901 5064 4022 5112 ssiu:

878 5142 941 5191 V.
966 5156 1162 5190 socrum
1188 5141 1258 5190 H.
1315 5142 1544 5205 factuque
1565 5138 1627 5188 Y.
1681 5136 2015 5188 infirmitatem
2187 5137 2258 5186 11.
2292 5135 2502 5185 liberata
2529 5135 2675 5197 (-tam
2697 5133 2765 5194 Θ)
2786 5147 2820 5181 -ι-
2836 5141 2884 5183 et
2906 5133 3021 5182 aliis
3122 5131 3358 5181 dominus
3387 5131 3439 5180 T
3429 5130 3558 5178 hom.

815 5206 884 5255 H.
2121 5201 2288 5251 multis
2305 5216 2432 5266 quos
2452 5200 2529 5249 ihs
2551 5199 2763 5248 saluauit
2779 5199 2825 5248 Θ
2845 5199 3019 5258 Harl„
3188 5196 3259 5245 11.
3310 5203 3365 5252 >
3412 5194 3655 5244 inmundo
3707 5194 3886 5260 spiritu
3932 5194 3964 5243 J
3976 5193 4024 5242 X

880 5271 971 5320 VI.
1006 5287 1125 5320 uero
1148 5287 1242 5336 que
1265 5271 1337 5320 ait
1364 5271 1433 5319 H.
2132 5268 2181 5317 T
2172 5268 2318 5327 hom„
2337 5265 2424 5315 sed
2444 5267 2591 5314 Alex.
2623 5278 2683 5327 14
2704 5280 2817 5313 cum
2841 5265 2884 5313 C
2907 5279 3021 5313 con·
3134 5263 3183 5311 T
3173 5262 3302 5311 hom.
3373 5260 3566 5311 medico
3587 5261 3641 5310 J.

881 5337 1000 5386 VII.
1032 5340 1456 5395 pharisaeorum
1471 5349 1505 5385 4-
1523 5334 1748 5385 adhibita
1768 5333 1820 5383 H
1837 5333 2021 5398 (·habi·
2120 5333 2301 5382 cordat.
2395 5334 2691 5380 Iacobum:
2752 5330 2906 5379 Lcuin
2957 5329 3020 5377 Θ.

812 5410 867 5452 ta
890 5402 1022 5466 11¹²).
2128 5398 2340 5453 >iubet
2384 5397 2519 5461 sequi
2564 5398 2611 5445 Θ
2662 5402 2709 5445 et
2746 5411 2784 5449 4-
2819 5395 2905 5460 qui
2960 5395 3022 5442 Θ.

2122 5463 2343 5513 conuiuit
2383 5465 2430 5512 Θ
2474 5463 2622 5512 Alex.
2665 5475 2741 5521 14,
2788 5460 3023 5510 conbibat

2133 5530 2183 5577 T
2174 5528 2301 5582 hom.
