4717 6400
744 707 873 775 504
1698 691 1806 751 CA
1817 687 2152 749 PJTULA
2204 686 2323 747 IN
2364 684 2435 744 E
2435 684 2543 743 UA
2552 683 2632 746 N
2629 681 2860 745 GELJ
2861 681 3005 741 ΠΜ

1072 863 1277 913 AHVY
1288 863 1448 912 Harl.
1474 871 1616 925 2797.

827 976 1006 1036 seque
1048 974 1257 1032 pacem
1301 955 1440 1015 dare
1486 954 1570 1014 eis
1619 968 1942 1029 pacemque

827 1053 1148 1128 relinquere
1178 1050 1497 1127 pollicetur.

747 1145 1063 1205 XXXVII.
1102 1144 1177 1204 Se
1206 1144 1400 1222 ipsum
1428 1143 1603 1200 uitem
1632 1151 1689 1200 et
1717 1150 1942 1217 patrem

827 1239 1144 1318 agricolam
1164 1239 1362 1298 dicens
1372 1236 1803 1313 discipulosque
1821 1231 1945 1310 pal·

829 1336 998 1394 mites
1025 1335 1148 1394 sine
1177 1351 1239 1393 se
1267 1332 1406 1391 nihil
1426 1350 1529 1391 eos
1550 1330 1738 1389 facere
1767 1345 1943 1405 posse

828 1439 1069 1488 testatur
1197 1438 1254 1487 et
1321 1427 1515 1485 multis
1584 1423 1945 1484 locutionum

829 1523 1022 1583 modis
1043 1523 1325 1581 alternam
1351 1521 1436 1581 eis
1463 1518 1834 1578 dilectionem
1855 1517 1944 1574 in·

830 1616 1019 1678 culcat
1047 1617 1209 1677 cuius
1238 1616 1444 1674 merito
1483 1621 1721 1691 possent
1757 1610 1944 1690 quod-

830 1730 1084 1788 cumque
1112 1711 1379 1788 petierint
1406 1710 1712 1786 inpetrare.

747 1804 1094 1864 XXXVIII.
1135 1805 1405 1863 Eandem
1447 1802 1817 1863 dilectionem
1859 1801 1946 1858 in-

831 1900 1075 1959 stantius
1110 1897 1530 1959 commendans
1568 1906 1945 1955 contemnen-

831 1995 973 2052 dum
1013 1993 1190 2053 docet
1231 1993 1433 2052 odium
1475 1990 1677 2049 mundi
1717 1988 1946 2066 praedi·

830 2106 972 2148 cens
1010 2087 1200 2165 qualia
1243 2105 1349 2164 pro
1386 2087 1509 2145 eius
1552 2084 1789 2144 nomine
1832 2082 1944 2141 sint

828 2183 1056 2260 passuri
1116 2191 1175 2242 et
1237 2181 1598 2257 arguendum
1660 2179 1945 2236 mundum

831 2294 868 2335 a
899 2277 1193 2354 paracleto
1232 2276 1303 2336 de
1340 2284 1583 2353 peccato
1622 2275 1695 2333 de
1734 2273 1947 2331 iustitia

829 2380 886 2429 et
915 2371 988 2430 de
1015 2370 1230 2430 iudicio
1257 2369 1604 2429 manifestat.

662 2508 665 2512 ι
749 2463 1034 2524 ΧΧΧΙΧ.
1079 2464 1389 2524 Modicum
1429 2474 1486 2523 et
1522 2462 1844 2522 uidendum
1882 2479 1946 2519 se

832 2560 968 2619 dicit
995 2561 1073 2618 ab
1098 2560 1183 2619 eis
1220 2568 1276 2617 et
1314 2560 1521 2618 iterum
1558 2557 1857 2617 modicum
1890 2564 1947 2616 et

831 2672 952 2712 non
1005 2653 1323 2712 uidendum
1487 2652 1559 2711 de
1601 2669 1720 2727 quo
1768 2668 1947 2728 quae-

833 2748 1093 2807 rentibus
1156 2746 1448 2823 discipulis
1516 2745 1947 2804 similitudinem

831 2843 1085 2903 mulieris
1112 2853 1246 2920 post
1266 2852 1499 2918 partum
1522 2842 1778 2900 tristitiae
1807 2858 1946 2916 prae

831 2936 1045 3015 gaudio
1092 2954 1213 2997 non
1264 2935 1683 2995 reminiscentis
1723 2932 1947 2991 inducit

832 3049 982 3108 quos
1017 3041 1074 3090 et
1115 3048 1151 3089 a
1191 3040 1352 3108 patre
1393 3029 1575 3088 amari
1614 3027 1948 3103 significans

833 3125 1174 3185 corroborat
1211 3142 1273 3183 se
1314 3123 1610 3183 relicturos
1652 3122 1850 3181 dicens
1887 3121 1948 3178 in

831 3220 1054 3280 mundo
1121 3236 1452 3298 pressuram
1506 3217 1790 3278 habebitis
1846 3216 1950 3276 sed

833 3315 1109 3375 confidite
1138 3333 1252 3391 ego
1280 3315 1387 3374 uici
1418 3312 1722 3372 mundum.

752 3409 881 3468 XL.
924 3409 1022 3468 Ad
1048 3419 1274 3486 patrem
1302 3408 1375 3468 de
1403 3408 1812 3469 clarificatione
1841 3423 1948 3465 sua

832 3504 1081 3581 loquens
1111 3504 1424 3580 discipulos
1462 3502 1689 3579 prolixa
1715 3513 1772 3560 et
1802 3499 1947 3559 mul-

832 3596 1051 3657 timoda
1104 3598 1510 3675 prosecutione
1575 3595 1949 3656 commendat

832 3692 1102 3770 passione
1131 3692 1396 3768 protinus
1421 3692 1754 3750 inminente.

753 3879 913 3939 XLI.
957 3880 1318 3940 Traditionis
1365 3897 1437 3939 ac
1487 3878 1774 3956 passionis
1823 3878 1947 3936 eius

833 3993 937 4053 per
963 3974 1227 4034 ordinem
1255 3984 1419 4052 gesta
1445 3983 1763 4033 narrantur.

755 4256 947 4317 XLII.
991 4255 1450 4317 Resurrectionis
1479 4255 1736 4315 similiter
1764 4254 1951 4313 mani·

819 4443 1063 4493 XXXVI.
1098 4446 1232 4491 dare
1256 4442 1330 4491 bis
1348 4458 1442 4490 scr.
1468 4441 1538 4490 H.

819 4508 1093 4558 XXXVII.
1129 4511 1341 4557 uitem:
1389 4515 1553 4556 autem
1613 4506 1786 4556 Thone.
1852 4505 1951 4555 dis·

752 4575 1072 4691 iilpunlosquae
1093 4570 1511 4699 Hfflbmtlrltas
1530 4569 1728 4701 Jarlff)
1766 4574 1951 4687 mog?

869 4656 1144 4691 mamzso
1318 4654 1413 4687 ar.
1483 4653 1532 4687 se
1580 4653 1746 4688 corr..
1795 4653 1861 4702 qu
1929 4666 1950 4675 -

754 4721 945 4770 cunque
970 4743 980 4754 .
1009 4744 1021 4756 .
1044 4743 1056 4755 .
1081 4705 1342 4769 impetrare
1371 4704 1542 4754 Thom.

821 4770 1121 4821 XXXVIII.
1154 4769 1381 4821 eamdem
1407 4769 1576 4819 Thom-
1633 4768 1876 4834 paraclito
1895 4767 1949 4818 H

756 4837 912 4889 Harl.
945 4835 1116 4885 Thone.

819 4902 1067 4951 XXXIX.
1089 4917 1140 5016 ¹p1

757 4983 1064 5035 praessuram
1145 4968 1208 5018 Y.
1275 4965 1515 5017 confidete
1536 4966 1690 5015 Harl.
1720 4966 1890 5017 Thana.

822 5034 932 5084 XL.
966 5040 1199 5098 protenus
1218 5033 1506 5083 imminente
1534 5031 1705 5082 Thom.

2190 851 2796 918 arcemareuesm‘rx.

3022 842 3027 847 ⁵
3059 849 3333 900 Uat.Alex.
3348 850 3437 912 14(
3452 870 3497 890 ι·
3517 847 3948 911 Thom.1.p.344).

2046 1139 2209 1197 XII.
2253 1141 2352 1195 De
2379 1137 2523 1194 uite
2561 1139 2672 1194 aet
2709 1134 2947 1204 palmi-
3052 1129 3190 1189 XII.
3234 1128 3326 1189 De
3352 1129 3526 1188 uinea
3553 1137 3612 1188 et
3639 1127 3714 1188 de
3746 1127 3951 1205 palmi·

2206 1234 2397 1291 tibus
2423 1235 2535 1289 aet
2559 1230 2946 1288 dilectione.

2132 2081 2210 2141 Et
2244 2081 2318 2140 de
2351 2081 2741 2160 promissione
2779 2098 2950 2158 para-

2214 2175 2346 2236 cliti.

2131 2455 2210 2517 Et
2224 2457 2465 2517 homnia
2480 2457 2663 2534 patris
2672 2475 2777 2516 sua
2787 2473 2952 2516 aesse

2213 2563 2308 2612 aet
2335 2562 2529 2612 cetera
2557 2551 2846 2611 mandata.

2052 3406 2253 3464 x111.
2295 3407 2418 3465 Ihs
2437 3405 2809 3475 discipulos
2835 3418 2953 3473 pa-

2215 3500 2309 3557 tri
2337 3500 2788 3558 commendat..

2134 3685 2235 3745 Ihs
2263 3705 2298 3745 a
2326 3685 2477 3745 Iuda
2505 3684 2762 3745 traditur.

2133 3780 2451 3840 Adlocutio
2501 3779 2678 3857 pylati
2730 3778 2806 3837 ad
2856 3778 2955 3837 Iu-

2215 3874 2359 3934 deos
2387 3873 2461 3934 de
2489 3872 2606 3932 Iba
2642 3884 2702 3933 et
2740 3872 2813 3932 de
2854 3873 2955 3932 ba-

2214 3968 2418 4031 rabba.

2052 4065 2289 4122 XIIII.
2332 4064 2569 4121 Passio
2609 4067 2681 4120 et
2728 4064 2952 4133 sepul-

2214 4162 2373 4216 tura
2425 4161 2498 4215 et
2549 4158 2956 4215 resurrectio

2217 4253 2427 4310 aeine.

2119 4433 2241 4484 XII.
2264 4437 2411 4483 nito:
2436 4432 2583 4482 uinea
2597 4431 2889 4483 ΕΕΘΠΟΧ.
2907 4438 2958 4483 et

2053 4499 2117 4552 de
2138 4499 2407 4549 dilectione
2429 4497 2643 4548 zFIJoo.

2119 4564 2272 4615 XIII.
2305 4579 2401 4615 om.
2423 4567 2495 4613 de
2516 4579 2600 4613 sec.
2626 4561 2668 4612 L
2936 4605 2941 4609 .

2117 4630 2297 4681 XIIII.
2331 4632 2521 4688 passio
2536 4641 2574 4681 «t-
2589 4628 2677 4678 ihu
2694 4626 2757 4679 1⁰.
2778 4643 2873 4678 om.
2895 4632 2954 4677 at

2040 4696 2314 4811 prss'fcbscr.
2394 4758 2665 4825 expliciunt
2735 4757 2956 4824 capitula

2050 4826 2206 4887 aux,
2250 4829 2376 4891 expe
2422 4824 2556 4874 titan
2601 4824 2829 4875 iohannis
2875 4824 2955 4885 o;

1137 4908 1292 4952 artem
1335 4900 1489 4950 Harl.
1557 4901 1843 4950 corrobarat
1886 4900 1949 4949 A.
2051 4893 2197 4943 nihil
2212 4892 2394 4942 habent
2415 4891 2522 4941 CO.

3051 1224 3305 1379 Εῐῃᾱξὲἰῗ
3323 1318 3465 1378 nihil
3493 1318 3681 1377 maius
3707 1317 3952 1377 dilectio.

3053 2086 3248 2162 Atque
3280 2086 3431 2146 inter
3463 2085 3743 2146 mandata
3780 2087 3944 2165 pluri·

3137 2198 3236 2240 ma
3256 2181 3765 2257 repromissionem
3787 2199 3953 2258 para-

3136 2274 3269 2352 clyti
3302 2274 3561 2352 Spiritus.

3054 2463 3133 2523 Et
3159 2463 3361 2524 omnia
3388 2463 3565 2541 patris
3593 2479 3700 2522 sua
3726 2480 3870 2522 esse.

3057 2556 3439 2617 Prouerbium
3494 2556 3630 2616 Iesu
3696 2555 3770 2615 de
3825 2574 3957 2633 par-

3139 2652 3385 2711 turiente
3414 2659 3472 2710 et
3492 2650 3566 2709 de
3590 2650 3953 2709 tribulatione

3139 2747 3199 2804 in
3229 2745 3461 2805 saeculo
3491 2744 3810 2805 toleranda.

3057 3409 3227 3468 XIII.
3255 3408 3425 3468 Iesus
3441 3408 3729 3487 aspiciens
3746 3407 3808 3465 in
3824 3426 3957 3467 cae-

3138 3502 3261 3561 lum
3328 3513 3554 3580 patrem
3619 3502 3960 3579 deprecatur

3140 3614 3247 3673 pro
3290 3597 3583 3674 discipulis
3630 3596 3754 3657 suis
3794 3606 3851 3655 et
3895 3606 3958 3653 ut

3138 3690 3595 3781 honorificentur
3675 3708 3712 3748 a
3795 3699 3957 3768 patre

3139 3786 3407 3863 postulat.

3060 3879 3326 3939 Traditio
3354 3878 3536 3939 Iudae
3563 3879 3638 3938 de
3666 3878 3819 3937 Iesu.

3060 3974 3265 4034 Petrus
3292 3973 3614 4033 auriculam
3647 3972 3908 4032 abscidit.

3057 4068 3135 4128 Et
3176 4069 3320 4129 dum
3368 4068 3751 4144 interrogatur
3791 4066 3958 4125 Iesus

3139 4182 3174 4223 a
3202 4161 3562 4240 principibus
3589 4160 3794 4220 Petrus
3822 4177 3956 4218 eum

3140 4259 3308 4317 tertio
3337 4258 3606 4332 abnegat.
