4717 6400
835 670 968 738 Ι280
1787 668 2247 733 CAPITULA
2297 667 2420 731 IN
2448 665 3091 731 EUANGELJUM

1168 841 1375 891 AHVY
1385 841 1543 892 Harl.
1567 848 1712 904 2797·

837 932 1004 993 XIX.
1048 933 1412 1007 Quaerentes
1454 932 1529 992 de
1575 932 1876 991 euulsione
1919 932 2037 1008 spi-

921 1047 1124 1089 carum
1180 1030 1243 1088 in
1305 1027 1561 1088 sabbatis
1616 1027 1798 1086 relato
1862 1025 2036 1086 dauid

921 1123 1196 1200 exemplo
1231 1123 1543 1183 conuincit.

838 1217 974 1276 XX.
1031 1217 1103 1276 In
1152 1234 1457 1294 synagoga
1511 1232 1756 1275 manum
1811 1213 2036 1274 aridam

922 1321 1088 1371 sanat
1107 1311 1339 1390 repletis
1356 1310 1685 1388 insipientia
1699 1308 2035 1387 pharisaeis.

838 1495 1005 1554 XXI.
1046 1495 1404 1555 Pernoctans
1450 1493 1511 1552 in
1551 1492 1818 1553 oratione
1859 1509 2035 1550 mane

920 1590 1234 1650 duodecim
1272 1588 1573 1666 apostolos
1608 1588 1872 1646 nominat
1908 1597 2034 1645 tan-

916 1694 1122 1761 gentes
1149 1702 1286 1743 eum
1314 1694 1593 1742 sanantur
1621 1683 1826 1760 egroti.

835 1777 1035 1837 XXII.
1107 1777 1397 1856 Pauperes
1453 1776 1771 1837 esurientes
1827 1775 2035 1835 flentes

915 1872 1382 1949 persecutionem
1457 1871 1742 1949 patientes
1827 1870 2033 1928 beatos

915 1973 1091 2022 uocat
1132 1980 1245 2021 uae
1285 1961 1555 2021 diuitibus
1596 1979 1665 2020 ac
1714 1959 2034 2020 ridentibus

916 2057 1117 2116 dicens
1177 2055 1351 2116 etiam
1419 2055 1688 2114 inimicos
1757 2054 2035 2131 praecipit

915 2150 1242 2227 diligendos
1289 2160 1347 2209 et
1392 2149 1735 2227 percutienti
1782 2148 1878 2208 uel
1926 2167 2031 2208 nu-

915 2245 1077 2304 danti
1103 2244 1345 2303 minime
1373 2243 1772 2303 resistendum.

835 2339 1065 2398 XXIII.
1108 2338 1201 2398 De
1245 2338 1466 2397 festuca
1513 2348 1572 2397 et
1612 2338 1778 2397 trabe
1825 2335 2031 2396 arbore

916 2452 1152 2512 quoque
1189 2434 1348 2492 bona
1377 2441 1436 2491 et
1463 2431 1619 2491 mala
1644 2442 1822 2509 atque
1850 2430 2031 2491 domo

912 2527 1274 2590 aedificanda
1299 2526 1640 2605 parabolam
1665 2525 1849 2604 ponit.

833 2998 1095 3059 XXIIII.
1153 2997 1521 3058 Centurionis
1576 3014 1813 3057 seruum
1867 3005 2030 3056 curat

912 3093 1249 3172 rogantibus
1295 3111 1407 3171 pro
1459 3109 1535 3153 eo
1591 3092 1919 3153 senioribus
1972 3101 2031 3150 et

911 3187 1129 3248 amicis.

829 3282 1023 3343 XXV.
1080 3281 1260 3341 Filius
1306 3281 1513 3341 unicus
1568 3280 1782 3340 uiduae
1827 3279 2031 3340 matris

909 3387 1178 3436 mortuus
1230 3377 1349 3435 iam
1411 3375 1645 3435 ciuitate
1705 3375 1891 3437 elatus
1954 3375 2028 3436 de

909 3470 1118 3531 feretro
1146 3470 1471 3532 suscitatur.

829 3565 1053 3625 XXVI.
1117 3563 1420 3641 Regressis
1479 3563 1753 3624 iohannis
1811 3563 2029 3624 nuntiis

909 3658 1092 3718 multa
1110 3658 1184 3718 de
1204 3658 1329 3718 eius
1349 3657 1753 3735 magnitudine
1774 3657 2030 3735 loquitur

909 3763 969 3812 et
988 3752 1179 3829 pueris
1200 3752 1537 3812 sedentibus
1558 3752 1620 3810 in
1639 3750 1768 3813 foro
1785 3770 2027 3829 genera·

909 3847 1133 3906 tionem
1159 3856 1461 3924 comparat
1485 3845 1846 3905 iudaeorum.

890 4203 1034 4253 XIX.
1068 4202 1294 4253 nulsione
1319 4202 1383 4253 Y.
1449 4202 1752 4269 spieatorum
1776 4203 1847 4253 H.

889 4268 1007 4318 XX.
1044 4269 1185 4318 arida
1208 4269 1281 4319 H.

889 4333 1036 4383 XXI.
1095 4333 1373 4385 orationem
1428 4335 1500 4385 H.
1587 4349 1790 4386 mane:
1854 4342 2024 4385 manet

821 4399 1052 4449 Harl.⁰⁰'·
1116 4401 1357 4465 apostolis
1376 4400 1532 4450 Harl.

822 4464 1071 4580 &XXIQ
1101 4467 1358 4532 praecepit
1399 4464 1584 4515 A*HY
1611 4466 1766 4515 Harl.
1850 4481 2022 4532 percu·

888 4595 1093 4646 xxm.
1138 4596 1352 4649 festucae
1408 4597 1480 4649 H.
1561 4612 1658 4647 om.
1714 4601 1774 4648 et
1810 4604 1898 4663 pr.
1946 4596 2017 4649 H.

821 4661 1065 4725 parabola
1086 4663 1151 4713 Y.

2503 837 2661 900 cer).

2223 930 2431 1008 Spicas
2477 929 2820 990 uellentibus
2867 927 3038 988 disci—

2303 1025 2452 1102 pulis
2519 1042 2704 1102 panes
2773 1022 3038 1102 proposi-

2303 1119 2478 1179 tionis
2504 1128 2942 1179 commemorat.

2222 1213 2549 1274 Hominem
2592 1230 2835 1272 manum
2884 1210 3036 1271 hari-

2302 1307 2442 1367 dam
2469 1309 2743 1367 abentem
2778 1305 3036 1365 sabbatis

2301 1412 2478 1461 curat.

2220 1496 2294 1555 In
2320 1496 2688 1557 horationem
2713 1502 3036 1572 pernoctat.

2219 1590 2539 1668 Apostolos
2568 1589 2781 1666 heligit.

2221 1684 2457 1745 Turbas
2502 1684 2812 1762 alloquitur
2855 1683 3035 1742 beati-

2301 1778 2566 1838 tudinem
2650 1777 2899 1837 aliorum
2976 1787 3035 1836 et

2299 1873 2544 1933 aliorum
2645 1871 3034 1931 infelicitatem

2298 1969 2660 2045 promittens

2218 2060 2567 2121 Parabulam
2594 2060 2930 2139 praeferens
2959 2060 3033 2120 de

2299 2156 2516 2216 ducatu
2542 2156 2717 2215 caeci.

2215 2250 2293 2310 Et
2318 2251 2581 2328 magistri
2608 2259 2700 2309 aet
2726 2249 3010 2327 discipuli.

2215 2345 2293 2405 Et
2320 2345 2575 2405 festucae
2604 2345 2665 2403 in
2694 2342 2906 2404 hoculo
2937 2343 3032 2404 uel

2295 2440 2494 2499 tranis.

2215 2534 2292 2593 Et
2348 2533 2574 2593 arboris
2626 2531 2767 2592 boni
2812 2530 3031 2595 fructus

2295 2628 2389 2687 uel
2415 2627 2572 2686 mali.

2213 2722 2292 2782 Et
2319 2722 2621 2781 hominem
2648 2720 2750 2798 qui
2783 2719 3030 2780 domum

2295 2834 2468 2893 super
2487 2825 2711 2893 petram
2733 2814 2827 2876 uel
2856 2832 3030 2892 super

2295 2910 2575 2969 harenam
2604 2902 2989 2969 hedifichauit.

2131 3007 2254 3066 v1.
2289 3006 2718 3064 centurionis
2736 3019 3029 3076 puerum

2294 3106 2511 3160 curat.

2213 3287 2440 3349 Uiduae
2468 3288 2648 3349 filium
2675 3288 2995 3348 resuscitat.

2212 3571 2508 3632 Ioahnnes
2526 3569 2838 3649 discipulos
2856 3570 3029 3630 mittit

2291 3665 2369 3726 ad
2398 3665 2548 3726 Ihm.

2208 3760 2285 3819 Et
2325 3765 2480 3836 xpus
2518 3760 2595 3820 de
2634 3757 2900 3820 Iohanne
2941 3760 3027 3820 lo-

2290 3855 2486 3931 quitur
2539 3856 2892 3914 subnectens
2953 3855 3026 3913 si·

2290 3948 2673 4007 militudInem
2710 3966 3025 4025 puerorum

2288 4041 2350 4100 in
2380 4042 2509 4103 soro
2538 4043 2880 4104 sedentium.

2191 4217 2256 4268 V.
2307 4221 2544 4278 helissit:
2599 4218 2729 4268 codd.
2778 4218 2927 4268 Alex.
2978 4224 3027 4268 et

2132 4284 2248 4334 Uat.
2281 4284 2448 4349 elegit.
2513 4287 2871 4343 praeferens:
2911 4299 3024 4349 pro-

2121 4349 2278 4399 ferens
2341 4350 2512 4401 Thom.
2601 4351 2781 4399 tranis
2818 4360 2856 4399 4-
2891 4348 3024 4399 oculi

2131 4416 2246 4466 Uat.
2270 4429 2418 4476 42²1·
2485 4418 2805 4466 hominem:
2840 4414 2904 4464 de
2932 4414 3023 4465 ho-

2122 4481 2255 4531 mine
2269 4481 2440 4531 Thom.
2485 4496 2632 4546 supra
2640 4487 2835 4545 petram
2850 4480 3019 4531 Thom.

2188 4546 2278 4598 VI.
2313 4550 2665 4597 centurionis
2692 4583 2705 4597 .
2739 4582 2753 4596 .
2787 4581 2802 4595 .
2835 4561 3020 4596 rosun-

2119 4614 2295 4661 oitat:
2338 4613 2403 4662 de
2439 4611 2737 4662 centurionis
2776 4627 2931 4675 puero
2969 4618 3020 4661 et

2119 4677 2301 4728 uiduae
2355 4676 2463 4726 filio
2516 4676 2808 4730 resuscitato
2866 4678 3017 4728 Alex.

2118 4746 2477 4859 mum:
2522 4743 2591 4793 al.
2622 4742 2897 4795 ludentium
2935 4749 3016 4807 ap.

3143 834 3589 902 BoJ(bnuss)ox
3599 836 3720 886 Par.
3731 837 3846 888 Lat.
3862 837 4038 902 10438.

3142 926 3406 1005 discipuli
3435 930 3627 1006 spicas
3653 929 3877 989 uellunt

3142 1227 3385 1269 manum
3412 1211 3633 1270 aridam
3663 1210 3979 1271 habentem

3223 1305 3480 1365 sabbatis
3508 1315 3673 1366 curat

3139 1586 3437 1664 apostolos
3463 1587 3620 1664 eligit

3137 1681 3320 1740 turbis
3348 1682 3761 1742 beatitudinem
3788 1681 4034 1742 aliorum

3218 1787 3276 1835 et
3337 1776 3583 1836 aliorum
3644 1775 4034 1836 infelicitatem

3218 1888 3353 1931 cum
3401 1870 3694 1949 parabolis
3742 1870 4036 1948 praedicat

3218 1975 3276 2025 et
3303 1964 3609 2026 mandati&

3134 3004 3242 3064 VI.
3317 3005 3688 3067 Centurionis
3784 3026 4028 3086 puerum

3215 3110 3376 3160 curat

3133 3289 3345 3349 uiduae
3388 3290 3568 3350 filium
3603 3302 3904 3352 mortuum
3939 3311 4025 3353 re-

3216 3385 3452 3444 suscitat

3132 3571 3222 3632 ihs
3243 3573 3641 3633 testimonium
3663 3572 3737 3632 de
3760 3572 4027 3634 Iohanne

3213 3667 3350 3726 dicit
3399 3686 3535 3727 cum
3590 3667 4027 3728 similitudinem

3211 3779 3531 3839 puerorum
3559 3763 3622 3821 in
3650 3761 3780 3822 foro
3816 3763 4027 3823 seden-

3210 3856 3356 3915 tium

3194 4216 3255 4265 V.
3300 4215 3520 4266 euellunt
3566 4216 3627 4266 O.
3710 4215 3863 4281 elegit
3921 4216 4026 4267 ΒΟ.

3141 4295 3177 4332 ÷
3209 4289 3261 4332 et
3302 4289 3419 4331 ante
3457 4285 3643 4331 turbis
3689 4281 3815 4333 ΒΘ]
3856 4281 4025 4333 Thone.

3126 4347 3367 4412 praedicit
3387 4349 3442 4397 J.
3510 4354 3569 4397 et
3583 4350 3895 4397 mandam:
3930 4363 4025 4396 om.

3125 4413 3205 4472 Θ;
3252 4413 3366 4464 *de
3387 4428 3506 4463 ceco
3528 4419 3578 4462 et
3600 4414 3739 4463 trabe
3760 4419 3813 4462 et
3843 4412 4027 4464 festuca

3124 4479 3195 4528 0⁶
3210 4495 3225 4540 ς
3272 4478 3463 4544 ÷quod
3488 4494 3589 4528 non
3618 4479 3682 4528 sit
3704 4478 4025 4529 iudicandum

3123 4543 3187 4594 de
3231 4544 3419 4595 festuca
3466 4544 3630 4593 fratris
3675 4559 3789 4594 cum
3835 4544 4026 4594 trabem

3123 4610 3365 4675 conspicit
3381 4610 3571 4674 proprii
3587 4618 3752 4660 reatus
3766 4611 3891 4660 Par.
3906 4610 4022 4660 Lat.

3126 4677 3300 4791 10³7318:
3314 4744 3615 4791 resuscitat
3626 4741 3826 4804 partim
3845 4741 3906 4789 in
3923 4756 4023 4789 ras.

3120 4806 3187 4856 X.
3254 4810 3440 4856 iem:
3492 4806 3704 4856 christus
3746 4805 3809 4855 Θ.
3881 4805 4024 4860 >de

3120 4871 3221 4921 ioh.
3246 4878 3357 4921 test.
3375 4871 3497 4922 dicit
3516 4872 3695 4922 Bc-›Jo
3718 4871 3890 4920 Thom.
3959 4870 4023 4921 si·

3120 4937 3401 4987 militudine
3458 4937 3658 4988 BQJO⁰
3686 4936 3860 4988 Thom.
3926 4952 4020 4985 om.

3118 5006 3182 5052 in
3199 5004 3265 5054 O.
