4717 6400
1018 840 1243 903 DffGQ.

1699 667 2229 731 SECUNDUM
2262 668 2399 729 MA
2417 666 2540 727 ΤΥ
2526 665 2669 727 ΗΕ
2670 665 2824 728 UM.
3763 671 3849 742 35

2091 837 2130 888 J
2159 837 2390 901 (breues).
3303 828 3378 881 K.

622 934 849 994 LVIII.
878 933 956 992 Et
976 941 1147 991 erunt
1176 930 1354 993 Primi
1379 928 1628 993 nouissi-
1733 929 2046 991 XLVIIII.
2088 928 2217 990 Ubi·
2246 928 2542 989 Dominus
2575 944 2743 1009 prae-

704 1028 788 1086 mi
823 1036 880 1086 et
908 1024 1210 1086 nouissimi
1238 1024 1428 1102 primi.

620 1121 879 1181 LVIIII.
924 1119 1019 1178 De
1068 1119 1200 1181 filiis
1249 1118 1406 1177 Zebe
1449 1127 1511 1176 et
1554 1115 1630 1177 de

707 1215 910 1292 primis
936 1212 1220 1273 accubitis
1247 1229 1481 1272 caenae.

624 1309 756 1368 LX.
800 1308 892 1367 De
931 1327 1012 1367 ·11·
1055 1307 1246 1367 caecis
1275 1323 1447 1367 secus
1472 1305 1629 1363 uiam

708 1401 1058 1463 sedentibus.

628 1880 789 1939 LXI.
833 1880 933 1939 Ihs
960 1880 1172 1941 sedens
1208 1897 1380 1957 super
1404 1879 1632 1956 pullum

711 1974 938 2034 aesinae
1000 1972 1427 2034 nummularios
1491 1972 1635 2032 Iecit

709 2068 784 2127 de
812 2068 1050 2145 temp10.
1398 2112 1405 2122 .

1814 1022 1956 1083 dicit
2026 1024 2364 1100 passionem
2440 1039 2606 1080 suam
2684 1030 2742 1080 et

1814 1127 1998 1178 mater
2026 1117 2278 1177 filiorum
2307 1115 2600 1175 Zebedaei
2638 1133 2739 1192 pe-

1815 1211 1881 1271 tit
1929 1210 2130 1271 sedere
2179 1229 2286 1270 eos
2329 1227 2467 1269 cum
2511 1209 2639 1285 ipso
2683 1217 2742 1267 et

1817 1303 2110 1364 Dominus
2145 1303 2282 1363 dicit
2322 1321 2447 1362 non
2486 1302 2740 1362 discum-

1818 1398 2078 1458 bendum
2108 1399 2168 1456 in
2194 1398 2386 1474 primo
2413 1397 2567 1455 loco·

1736 1492 1804 1551 L.
1848 1492 1941 1552 De
1982 1492 2213 1552 duobus
2253 1491 2447 1551 caecis
2489 1489 2739 1550 sedenti-

1818 1588 1929 1646 bus
1996 1587 2058 1646 in
2135 1585 2417 1645 Hiericho
2485 1593 2543 1643 et
2639 1583 2740 1642 ubi

1820 1680 1970 1741 sedit
2060 1678 2163 1739 Ins
2253 1697 2429 1755 super
2515 1676 2742 1756 pullum

1819 1774 2015 1833 asinae
2060 1782 2119 1832 et
2172 1772 2340 1831 eiecit
2393 1771 2467 1830 de
2522 1770 2742 1848 templo

1817 1866 2143 1929 uendentes
2225 1875 2285 1926 et
2362 1864 2565 1925 effudit
2640 1883 2741 1925 aes

1818 1978 2039 2025 eorum.

631 2161 827 2221 LXII,
863 2161 955 2220 De
977 2162 1184 2220 arbore
1206 2159 1301 2219 fici
1330 2177 1446 2238 que
1475 2158 1637 2219 arida
1740 2145 1840 2205 LI.
1883 2145 1978 2205 De
2019 2146 2271 2207 ficulnea
2312 2163 2466 2224 quae
2494 2146 2645 2205 aruit
2683 2156 2742 2205 et

714 2255 869 2316 facta
906 2266 1010 2327 est,
1039 2265 1097 2314 et
1136 2253 1321 2314 homo
1354 2254 1456 2332 qui
1484 2254 1636 2314 filios

717 2349 777 2406 in
806 2349 1026 2408 niniam
1053 2349 1246 2408 mittit.

634 2440 861 2502 LXIII.
905 2442 1255 2502 Parabulam
1312 2441 1385 2501 de
1446 2441 1636 2520 pupli-

719 2536 878 2597 canis
903 2547 961 2597 et
988 2537 1374 2597 meritricibus
1403 2536 1620 2597 dieunt.

650 3947 905 4007 LXIIII.
948 3946 1041 4007 De
1073 3947 1236 4006 uinia
1268 3946 1459 4006 locata
1489 3945 1652 4005 colo-

730 4043 822 4103 nis
879 4043 981 4101 ubi
1040 4041 1394 4101 interficiunt
1439 4041 1653 4100 missos

730 4136 807 4195 ad
848 4155 913 4196 se
958 4145 1015 4195 et
1061 4136 1298 4195 Inuitati
1348 4143 1653 4212 contemp-

730 4241 879 4290 nunt
904 4231 1106 4289 uenire
1134 4229 1213 4290 ad
1240 4229 1490 4307 nuptias,

714 4426 940 4476 LVIIII.
973 4442 1067 4476 om.
1110 4430 1181 4477 de
1226 4442 1314 4476 sec.
1351 4426 1474 4489 ffQ.
1554 4433 1655 4490 pro

646 4495 754 4608 Q
774 4507 887 4543 acc.
912 4508 1027 4543 cae.
1044 4491 1189 4541 habet
1208 4492 1420 4542 minimo
1442 4491 1654 4542 maiores

714 4623 809 4700 LX
856 4629 906 4700 ef
950 4622 1088 4673 Lxl.
1143 4623 1204 4671 in
1259 4637 1424 4671 unum
1483 4622 1648 4684 (LXI)

645 4689 1008 4803 mflXnIffl÷St
1029 4760 1146 4802 ante
1176 4755 1268 4803 filu
1303 4754 1371 4814 G,
1406 4762 1508 4805 ψει
1541 4769 1653 4804 cum

649 4820 775 4883 ffQ.
842 4820 980 4870 sedet
1017 4819 1084 4878 G,
1123 4818 1311 4869 sederet
1351 4820 1473 4884 ffQ.
1554 4828 1653 4871 ÷et

649 4892 770 4935 ante
791 4888 1196 4934 nummulario·
1220 4885 1284 4934 G.

717 4950 883 5000 LXII.
918 4965 1011 4999 om.
1051 4953 1154 5008 qui
1188 4950 1252 5013 Q.
1320 4951 1440 5000 Post
1477 4950 1656 5000 LXIII

654 5017 813 5081 (quod
856 5022 929 5065 est
964 5015 1168 5065 LXIIII
1189 5016 1272 5064 ’in
1317 5016 1396 5077 ΞΡ)
1436 5016 1657 5081 capitula

652 5097 755 5131 non
777 5088 1123 5131 numerantur
1144 5082 1203 5131 in
1227 5082 1304 5131 ff.

720 5146 913 5197 LXIII.
971 5149 1313 5196 Parabulam
1348 5160 1383 5195 ψ
1421 5147 1543 5197 dicit
1591 5147 1657 5196 G.

654 5212 774 5262 item
804 5212 956 5261 LXII
981 5219 1031 5260 et
1060 5211 1236 5262 LXIII
1268 5213 1327 5261 in
1355 5227 1520 5262 unum
1553 5218 1655 5276 cap.

655 5277 770 5337 (suh
789 5293 1001 5326 numero
1022 5277 1168 5336 LXI)
1205 5277 1468 5342 coniungit
1498 5278 1581 5337 G;
1611 5283 1660 5326 et

653 5359 749 5393 om.
773 5347 975 5393 dicunt
995 5344 1068 5391 ad
1123 5358 1175 5391 n.

720 5409 895 5458 LXIII
930 5415 981 5457 ct
1108 5408 1234 5457 1111.
1270 5407 1328 5456 in
1358 5423 1521 5458 unum
1551 5424 1659 5458 con-

655 5474 995 5602 ἒεῖἔμῖιξῆ.
1033 5474 1234 5533 LXIII)
1268 5474 1331 5537 Q.
1420 5473 1542 5524 dicit
1565 5481 1662 5538 pro

752 5555 829 5589 un
989 5577 1002 5589 .

1821 2240 1923 2298 ubi
1950 2240 2186 2318 requirit
2213 2240 2315 2299 Ins
2343 2239 2417 2298 de
2445 2239 2740 2317 baptismo

1822 2332 2106 2393 Iohannis
2132 2334 2181 2392 si
2210 2333 2285 2393 de
2312 2331 2479 2393 caelo
2505 2343 2646 2392 erat.

1741 2427 1873 2488 LII.
1915 2427 2008 2487 De
2041 2427 2273 2487 duobus
2300 2427 2431 2487 filiis
2459 2426 2652 2489 missis
2679 2426 2740 2485 in

1822 2522 2058 2582 uineam
2086 2539 2265 2599 quam
2302 2521 2518 2581 locauit
2546 2530 2740 2598 pater-

1824 2616 2074 2676 familias
2114 2626 2173 2676 et
2208 2616 2283 2677 de
2320 2616 2508 2677 seruis
2534 2625 2594 2676 et
2622 2614 2744 2675 filio

1823 2728 2000 2788 quem
2028 2709 2198 2769 misit.

1757 3946 1924 4006 LIII.
1968 3945 2060 4005 De
2081 3945 2317 4005 homine
2339 3962 2477 4020 rege
2499 3943 2601 4022 qui
2622 3944 2758 4003 fecit
2861 3952 3022 4013 LXI,
3065 3951 3184 4010 Ubi
3207 3951 3490 4011 uinitores
3511 3947 3865 4012 interficiunt

1837 4041 2066 4119 nuptias
2108 4040 2227 4100 filio
2274 4057 2386 4099 suo
2433 4049 2492 4098 et
2537 4038 2758 4098 inuenit
2941 4046 3154 4106 missos
3180 4044 3256 4105 ad
3284 4062 3362 4106 se.

1837 4136 1917 4195 ibi
1952 4134 2253 4195 hominem
2282 4152 2408 4193 non
2444 4133 2759 4193 habentem
2863 4140 3057 4200 LXII.
3085 4138 3180 4200 De
3200 4157 3337 4216 rege
3357 4138 3460 4218 qui
3480 4137 3615 4198 fecit
3634 4137 3867 4213 nuptias

1837 4240 2062 4290 uestem
2091 4227 2435 4307 nuptialem.
2944 4235 3067 4294 filio
3134 4250 3264 4304 suc,
3332 4243 3393 4294 et
3445 4232 3668 4294 inuitati
3720 4249 3867 4291 con-

2947 4336 3258 4405 tempnunt
3286 4325 3483 4388 uenire
3510 4324 3587 4385 ad
3618 4341 3863 4390 caenam

2944 4431 3004 4483 et
3041 4422 3157 4483 deo
3192 4416 3324 4501 (sic)
3365 4420 3468 4499 qui
3505 4437 3629 4482 non
3664 4418 3868 4478 habuit

2942 4526 3170 4577 uestem
3197 4514 3533 4591 nuptialem.
