4717 6400
2352 586 2471 649 188

1268 1388 1398 1450 DE
1464 1386 1952 1452 CANONUM
2021 1384 2471 1449 NUMERIS
2541 1385 2643 1448 IN
2706 1385 2936 1449 FINE
3007 1386 3550 1452 EUANGELII

1888 1522 2427 1587 SECUNDUM
2495 1521 2942 1589 MARCUM.

904 1757 1068 1817 Duas,
1109 1764 1170 1805 ut
1206 1757 1426 1818 uidetur,
1461 1758 1688 1807 diuersas
1730 1757 2024 1806 traditiones
2067 1757 2109 1806 C
2106 1772 2331 1805 ananum
2378 1756 2585 1804 numeri
2621 1757 2680 1805 in
2719 1758 2761 1807 C
2758 1756 2977 1806 odic-ibus
3015 1757 3198 1806 nostris
3231 1758 3469 1823 inser-epti
3508 1764 3883 1823 repraesentant
3893 1775 3918 1819 ;

1099 1855 1319 1905 quarum
1357 1856 1464 1888 una
1487 1856 1587 1889 non
1623 1840 1764 1888 ultra
1799 1854 2003 1888 uersum
2040 1839 2069 1887 8
2106 1838 2285 1902 capitis
2319 1839 2402 1886 xvi
2438 1853 2646 1887 canones
2677 1838 2873 1888 exhibet
2904 1840 2981 1887 ita
3012 1846 3074 1887 ut
3104 1839 3310 1888 ultimos
3339 1840 3592 1889 duodecim
3627 1857 3803 1890 uersus
3834 1842 3922 1891 uel

1102 1923 1288 1971 nescire
1323 1923 1563 1971 uideatur
1595 1922 1672 1985 (de
1705 1937 1801 1986 quo
1835 1920 1951 1970 uide
1992 1920 2152 1970 Tisch.
2184 1921 2243 1970 Τ.
2274 1921 2331 1970 G.
2361 1922 2390 1970 8
2413 1921 2484 1969 ad
2507 1922 2591 1971 loc.
2610 1928 2665 1986 p.
2691 1920 2829 1985 406),
2856 1922 2943 1970 uel
2972 1937 3072 1971 uno
3104 1928 3280 1981 tenore,
3316 1929 3378 1970 ut
3408 1923 3509 1971 alii
3538 1923 3764 1983 credunt,
3801 1939 3915 1973 cum

1092 2004 1496 2068 praecedentibus
1529 2006 1588 2053 in
1621 2003 1841 2053 Ecclesia
1875 2003 2094 2067 legendos
2115 2003 2343 2067 proferre
2357 2022 2377 2060 ‚·
2409 2005 2571 2052 altera
2603 2019 2810 2052 canones
2842 2019 2996 2067 usque
3027 2003 3099 2052 ad
3107 2004 3274 2069 finem
3308 2005 3563 2068 euangelii
3598 2004 3915 2054 adnumerat.

1103 2086 1293 2135 Ambae
1318 2093 1484 2135 autem
1508 2086 1801 2136 traditiones
1811 2091 1989 2149 parem
2014 2085 2371 2149 antiquitatem
2398 2084 2497 2133 sibi
2521 2085 2807 2146 uindicaret,
2826 2085 2868 2134 F
2888 2086 3044 2147 enim,
3068 2084 3181 2135 licet
3188 2086 3451 2151 pericopen
3473 2086 3648 2135 Marci
3667 2087 3915 2151 integram

1104 2185 1206 2217 non
1227 2176 1405 2225 seruet,
1426 2169 1647 2232 sing-ulos
1666 2174 1835 2216 tamen
1856 2182 2033 2216 uersus
2053 2167 2136 2215 hic
2157 2167 2266 2216 illic
2281 2167 2463 2217 retinet
2482 2168 2710 2217 numeris
2731 2183 2884 2232 usque
2905 2167 2976 2216 ad
2992 2183 3195 2218 uersum
3217 2180 3278 2216 30
3296 2168 3355 2216 in
3378 2168 3605 2232 margine
3625 2168 3876 2234 adpositis.

909 2252 994 2300 Ita
1015 2258 1184 2300 autem
1206 2251 1380 2314 legunt
1399 2251 1576 2299 codices
1595 2266 1715 2315 quos
1734 2249 1958 2299 scrutari
1965 2249 2243 2313 potuimus.

3862 2507 3901 2557 Z

1867 2450 3794 2627 A·BC:›PFG!H(91KMOTVXY

897 2640 995 2691 xvi.
1023 2653 1067 2689 1.
1100 2647 1287 2690 etcum
1310 2640 1558 2690 transisset
1626 2677 1637 2689 .
1709 2676 1720 2688 .
1791 2675 1803 2687 .
1850 2651 2057 2707 ²30.²²9
2080 2651 2175 2699 330
2201 2655 2295 2703 330
2352 2654 2442 2703 331
2493 2652 2586 2703 330
2608 2655 2701 2703 330
2723 2655 2816 2703 330
2837 2655 2930 2704 330
2956 2656 3049 2704 330
3073 2656 3162 2704 333
3222 2655 3316 2703 330
3361 2659 3455 2707 330
3476 2656 3571 2704 330
3595 2656 3690 2705 330
3713 2653 3809 2702 330
3833 2657 3893 2706 33

1022 2785 1064 2819 3.
1098 2776 1150 2821 et
1172 2771 1319 2822 ualde
1341 2786 1487 2820 mane
1544 2808 1557 2820 .
1624 2807 1637 2820 .
1710 2807 1721 2818 .
1793 2806 1805 2819 .
1851 2714 2060 2833 3311330
2081 2784 2171 2835 331
2203 2784 2289 2834 331
2362 2801 2429 2809 -
2493 2785 2581 2835 331
2608 2786 2695 2835 331
2723 2785 2809 2833 331
2836 2786 2923 2834 331
2954 2787 3043 2836 331
3073 2786 3164 2836 333
3223 2786 3310 2835 331
3360 2790 3445 2839 331
3475 2787 3562 2835 331
3594 2786 3681 2835 331
3714 2784 3802 2833 331
3833 2788 3921 2836 331

1019 2900 1065 2950 6.
1100 2902 1184 2966 qui
1206 2900 1328 2951 dicit
1351 2901 1453 2951 illis
1465 2937 1804 2951 .....
1854 2816 2054 2963 3334331
2083 2917 2173 2965 333
2205 2916 2294 2965 333
2362 2931 2428 2939 -
2492 2916 2583 2964 333
2609 2916 2699 2965 333
2723 2916 2812 2966 333
2837 2917 2927 2966 333
2955 2919 3045 2967 333
3073 2918 3165 2968 334
3188 2904 3335 2968 (333)
3359 2921 3450 2970 333
3476 2919 3565 2968 333
3594 2917 3683 2966 333
3713 2916 3804 2966 333
3832 2919 3922 2967 333

1025 3033 1071 3084 8.
1105 3041 1159 3082 at
1181 3031 1300 3081 illae
1321 3040 1551 3082 exeuntes
1630 3068 1642 3080 .
1711 3069 1724 3081 .
1795 3067 1807 3079 .
1855 2950 2059 3095 233'232
2086 3048 2179 3097 333
2206 3046 2297 3094 333
2362 3061 2428 3069 -
2496 2951 2815 3096 3331333333
2838 3048 2930 3097 333
2955 3049 3045 3098 333
3085 3064 3148 3072 -
3221 3048 3314 3097 333
3360 3052 3452 3101 333
3475 3049 3568 3098 333
3593 3049 3686 3098 333
3712 3047 3806 3096 333
3832 3050 3893 3099 33

1024 3177 1072 3228 9.
1107 3177 1308 3227 surgens
1329 3170 1496 3214 autem
1553 3201 1566 3214 .
1633 3134 1669 3214 ,⁶
1718 3200 1730 3213 .
1800 3200 1812 3213 .
1868 3189 1934 3199 -
1956 3112 2048 3200 1-
2098 3163 2166 3231 [ἲ]
2206 3179 2301 3228 334
2323 3164 2467 3228 (333)
2506 3191 3909 3208 ------------

1010 3307 1086 3344 10.
1123 3293 1421 3343 illamdens
1441 3295 1687 3344 nuntiauit
1717 3333 1728 3347 .
1799 3333 1813 3348 .
1871 3323 1937 3330 —
1986 3324 2052 3332 —
2101 3325 2167 3333 —
2218 3326 2284 3334 -
2323 3297 2471 3360 (333)
2506 3323 3910 3339 ------------

1010 3424 1564 3489 12.posthaecautem
1638 3461 1650 3473 .
1722 3462 1735 3476 .
1801 3462 1813 3474 .
1872 3453 1938 3460 —
1988 3440 2286 3489 -335-
2359 3441 2454 3490 334
2508 3454 2575 3464 -
2623 3455 2683 3464 -
2737 3455 2803 3463 -
2852 3441 3164 3493 -334335
3222 3441 3318 3491 334
3360 3445 3555 3496 334-
3605 3457 3672 3468 -
3725 3460 3791 3469 -
3831 3444 3856 3479 3

1013 3570 1087 3621 14.
1121 3555 1390 3605 nouissime
1423 3557 1820 3608 recumbentibus
1874 3582 1939 3591 —
1989 3586 2055 3594 —
2104 3586 2170 3595 —-
2221 3586 2287 3596 —
2359 3572 2455 3621 334
2510 3587 2575 3597 -
2622 3588 2688 3595 —
2739 3586 2804 3595 —
2840 3572 3047 3624 334335
3073 3559 3166 3621 336
3229 3586 3296 3597 -
3374 3590 3441 3600 -
3477 3576 3569 3625 333
3605 3591 3672 3600 -
3725 3591 3791 3599 -
3841 3589 3910 3600 -

1013 3699 1090 3750 15.
1125 3687 1418 3737 etdixiteis
1474 3724 1817 3740 .....
1877 3715 1943 3723 -
1996 3716 2056 3725 -
2106 3717 2172 3725 -
2223 3717 2289 3725 -
2361 3702 2456 3753 334
2511 3717 3036 3729 —————
3075 3703 3166 3756 237
3230 3718 3296 3728 —
3374 3721 3908 3732 -----

1015 3831 1092 3867 30.
1125 3817 1203 3866 illi
1224 3825 1389 3868 autem
1413 3818 1651 3884 profecti.
1722 3856 1735 3870 .
1805 3855 1818 3867 .
2510 3848 3907 3863 ————————————
