4717 6400
758 710 884 777 502

1087 864 1291 913 AHVY
1305 863 1461 914 Harl.
1491 870 1632 927 2797.

843 977 1016 1036 super
1065 957 1289 1034 pullum
1330 956 1528 1015 asinae
1578 953 1725 1013 sedit
1773 952 1963 1030 phari·-

842 1052 991 1112 saeis
1026 1051 1351 1110 dicentibus
1516 1058 1671 1108 totus
1709 1047 1962 1105 mundus

844 1157 979 1223 post
1006 1163 1143 1204 eum
1174 1144 1330 1201 abiit.

760 1239 987 1300 XXXI.
1059 1238 1359 1297 Nuntiatis
1437 1236 1747 1313 gentilibus
1826 1253 1961 1294 eum

841 1335 1040 1394 uidere
1059 1332 1391 1391 uolentibus
1410 1330 1614 1389 horam
1638 1348 1774 1390 suae
1796 1330 1961 1389 clari-

842 1429 1127 1488 ficationis
1156 1445 1285 1486 esse
1319 1426 1454 1485 dicit
1482 1435 1540 1484 et
1566 1442 1814 1501 granum
1846 1424 1958 1482 fru-

841 1524 1024 1582 menti
1074 1532 1371 1580 mortuum
1417 1518 1665 1576 multum
1707 1518 1958 1576 fructum

841 1616 1182 1694 pronuntiat
1204 1615 1508 1673 allaturum
1539 1613 1959 1671 ministrantem

842 1729 1078 1788 quoque
1123 1710 1230 1768 sibi
1272 1705 1776 1767 honorificandum
1826 1723 1960 1783 pro-

842 1805 1011 1862 mittit
1040 1823 1075 1861 a
1108 1813 1285 1879 patre.

761 1898 1019 1957 XXXII.
1085 1898 1364 1956 Animam
1434 1913 1602 1953 suam
1671 1896 1959 1953 turbatam

843 2012 971 2052 esse
1001 1992 1211 2051 dicenti
1241 2001 1298 2049 et
1319 1989 1612 2049 clarificari
1642 2008 1704 2047 se
1733 2009 1769 2048 a
1795 2000 1961 2065 patre

842 2084 1111 2163 poscenti
1132 2104 1248 2143 uox
1273 2084 1345 2142 de
1369 2083 1531 2143 caelo
1554 2083 1629 2141 ait
1653 2083 1959 2142 clarificaui

843 2180 1146 2258 posthaec
1184 2179 1366 2237 multa
1404 2177 1775 2255 prosequitur
1812 2177 1960 2236 inter

842 2294 993 2351 quae
1024 2293 1085 2334 se
1116 2292 1236 2333 non
1266 2274 1340 2331 ad
1364 2272 1737 2331 iudicandum
1759 2271 1863 2330 sed
1884 2272 1961 2331 ad

842 2369 1187 2428 saluandum
1249 2366 1533 2426 mundum
1598 2366 1829 2426 uenisse
1899 2384 1961 2425 se

844 2474 1099 2523 testatur.

762 2557 1050 2616 XXXIII.
1095 2556 1351 2632 Surgens
1380 2575 1415 2614 a
1444 2574 1592 2614 cena
1620 2556 1797 2633 pedes
1823 2554 1963 2615 lauit

844 2650 1262 2727 discipulorum
1290 2649 1622 2726 exemplum
1645 2649 1872 2708 dedisse
1901 2667 1962 2708 se

845 2746 1044 2805 dicens
1100 2754 1164 2802 ut
1225 2743 1335 2820 ipsi
1397 2743 1691 2803 conseruis
1751 2742 1963 2801 faciant

844 2838 1005 2917 quod
1066 2838 1333 2897 omnium
1397 2837 1701 2897 dominum
1765 2837 1963 2896 secisse

843 2934 1178 3010 probarunt.
1237 2970 1275 3009 0

762 3027 1086 3085 XXXIIII.
1117 3025 1256 3084 Non
1278 3042 1404 3084 esse
1426 3042 1660 3083 seruum
1682 3026 1963 3083 maiorem

845 3122 1089 3180 domino
1139 3120 1339 3179 dicens
1397 3128 1528 3196 post
1571 3120 1962 3178 testimonium

843 3215 1162 3291 scripturae
1231 3214 1429 3272 iudam
1498 3214 1719 3273 intincti
1797 3215 1963 3291 panis

845 3309 1211 3386 porrectione
1242 3307 1522 3385 significat
1562 3317 1621 3366 et
1649 3307 1961 3383 discipulos

843 3403 1231 3479 multipliciter
1258 3401 1608 3460 exhortatur.

761 3497 1013 3557 XXXV.
1057 3496 1195 3556 Non
1253 3497 1510 3555 turbetur
1555 3515 1656 3555 cor
1704 3506 1960 3555 uestrum

844 3593 923 3650 ait
961 3591 1256 3667 discipulis
1293 3608 1406 3667 ego
1446 3608 1575 3648 sum
1614 3590 1709 3649 uia
1749 3592 1963 3650 ueritas

845 3698 902 3744 et
920 3687 1040 3744 uita
1109 3685 1207 3763 qui
1229 3685 1370 3743 uidit
1390 3702 1486 3743 me
1504 3685 1645 3743 uidit
1663 3695 1719 3743 et
1741 3696 1962 3762 patrem

844 3798 957 3856 ego
980 3781 1039 3837 in
1070 3790 1229 3855 patre
1251 3791 1308 3837 et
1329 3788 1490 3854 pater
1511 3779 1569 3836 in
1598 3795 1693 3837 me
1777 3778 1963 3856 quod-

842 3891 1093 3948 cumque
1135 3873 1410 3948 petieritis
1450 3873 1508 3929 in
1553 3873 1791 3932 nomine
1827 3892 1963 3933 meo

846 3967 959 4026 hoc
991 3967 1218 4024 faciam.

763 4060 1048 4119 XXXVI.
1106 4060 1494 4138 Diligentibus
1551 4079 1613 4119 se
1670 4062 1962 4137 discipulis

844 4154 1234 4232 mandataque
1291 4156 1654 4214 seruantibus
1708 4156 1963 4232 paracle·

841 4259 964 4307 tum
1007 4249 1286 4325 promittit
1333 4269 1371 4308 a
1416 4258 1577 4326 patre
1616 4251 1962 4310 mittendum

824 4361 1301 4420 mansurumque
1319 4362 1452 4402 cum
1475 4344 1559 4403 eis
1580 4344 1639 4401 in
1662 4355 1960 4404 aeternum

824 4493 990 4542 XXX.
1027 4493 1163 4542 asine
1184 4494 1337 4542 Harl.

824 4558 1022 4608 XXXI.
1056 4559 1283 4607 nuntians
1317 4560 1486 4608 Thone.
1551 4575 1703 4611 esse:
1740 4577 1791 4611 se
1817 4563 1881 4622 A,
1904 4565 1958 4612 se

758 4625 819 4684 Y,
845 4625 1035 4672 uenisse
1062 4623 1128 4671 H.
1197 4624 1440 4674 alatumm
1461 4626 1616 4677 Harl.

823 4689 1046 4738 XXXII.
1083 4689 1350 4740 clarificare
1374 4691 1420 4738 Y
1446 4692 1598 4740 Harl.
1634 4692 1806 4741 Thom.
1860 4707 1956 4741 om.

757 4760 840 4804 ait·
865 4756 926 4803 Y.
992 4770 1086 4803 om.
1110 4770 1169 4803 ee
1194 4763 1308 4805 tert.
1333 4756 1435 4805 ΗΥ
1457 4758 1611 4806 Harl.
1645 4758 1697 4806 T
1688 4758 1817 4806 hom.

824 4820 1073 4870 XXXIII.
1099 4836 1252 4869 caena
1269 4822 1442 4880 Harl„
1461 4838 1616 4880 coena
1633 4824 1683 4873 T
1674 4823 1803 4873 hom.
1850 4822 1956 4887 ipse

758 4887 912 4936 Harl.
981 4886 1147 4934 omnia
1169 4886 1322 4935 Πανί.

823 4952 1103 5000 ΧΧΧῙΙῙΙ.
1138 4967 1250 4999 cum
1363 4951 1452 5000 ‘ori
1488 4953 1749 5016 coniungit
1781 4954 1954 5014 Harl„

756 5019 848 5066 sub
871 5032 1077 5065 numero
1094 5017 1270 5065 XXXI
1307 5018 1348 5078 1,
1365 5024 1411 5065 et
1425 5017 1628 5067 XXXV
1653 5027 1958 5067 numeratur

757 5082 1020 5132 xxxlm
1044 5089 1093 5130 el
1111 5082 1352 5132 similiter
1365 5098 1488 5146 seqq.
1504 5083 1575 5132 ad
1629 5100 1741 5132 nem
1763 5086 1955 5148 capitu-

755 5149 938 5197 lorum.
985 5148 1250 5197 scribturae
1269 5148 1329 5196 Y.
1376 5149 1539 5197 intinti
1614 5151 1709 5198 arl.
1758 5165 1952 5213 prorec-

755 5217 890 5263 tione
919 5214 984 5261 H.
1037 5212 1309 5275 discipulus
1336 5214 1402 5262 H.
1459 5222 1711 5263 exortatur
1735 5215 1779 5262 Y
1799 5216 1952 5265 Harl.

823 5278 1038 5327 XXXV.
1074 5279 1209 5328 uidet
1230 5285 1314 5342 pr.
1343 5279 1393 5327 Η
1420 5280 1573 5329 Harl.
1608 5281 1797 5342 Thone„
1820 5281 1955 5331 uidet

754 5361 839 5393 sec.
870 5345 916 5392 H
949 5344 1102 5392 Harl.

822 5410 1069 5459 XXXVI.
1104 5412 1461 5458 sementibus
1471 5410 1668 5473 partim
1688 5411 1745 5458 in
1765 5426 1865 5460 ras.
1884 5412 1951 5460 H.

754 5476 1052 5540 paraclitum
1075 5476 1226 5523 Ilarl.
1255 5476 1442 5536 Thone„
1467 5476 1691 5539 paracliti
1718 5476 1786 5525 H.

1707 694 1814 755 CA
1825 692 2165 752 PITULA
2220 689 2337 751 IN
2376 690 2551 750 EUA
2565 688 2640 749 N
2637 687 2870 749 GELI
2872 686 3013 745 ΠΜ

2215 857 2814 923 OEco1s(brms)o‘rx.

2142 1236 2222 1295 Et
2263 1234 2588 1294 uolentibus
2624 1232 2844 1309 graecis
2880 1232 2964 1289 ui-

2226 1330 2363 1389 dere
2407 1328 2538 1387 Ihm
2592 1326 2845 1404 loquitur
2890 1324 2963 1384 de

2225 1441 2413 1501 grano
2467 1421 2743 1480 frumenti
2801 1419 2962 1497 quod

2224 1519 2286 1577 in
2314 1528 2525 1576 terram
2554 1517 2811 1574 mittitur.

2142 1897 2222 1955 Et
2248 1914 2369 1954 uox
2398 1895 2470 1954 de
2506 1892 2673 1953 caelo
2706 1890 2782 1950 ad
2811 1891 2961 1950 Ihm.

2143 1991 2221 2050 Et
2265 1988 2427 2067 quod
2469 1987 2634 2045 multi
2683 2005 2755 2045 ex
2806 1987 2962 2063 prin-

2224 2084 2453 2161 cipibus
2501 2079 2846 2141 crediderint
2901 2081 2961 2136 in

2226 2179 2361 2237 Ihm
2403 2177 2505 2236 sed
2547 2185 2777 2253 propter
2818 2174 2961 2251 pba-

2225 2274 2442 2332 risaeos
2471 2289 2592 2331 non
2621 2269 2961 2329 confiteren-

2227 2378 2333 2426 tur.

2066 2561 2187 2617 XI.
2231 2559 2450 2615 Pedes
2471 2555 2962 2625 discipulorum

2225 2652 2418 2709 lauIt.

2147 3027 2240 3086 De
2288 3026 2470 3085 Iudae
2516 3024 2822 3084 traditione
2875 3033 2967 3082 aet

2226 3121 2373 3199 petri
2430 3119 2741 3198 negatione
2799 3135 2965 3194 prae-

2229 3216 2383 3276 dicit.

2146 3592 2224 3650 Et
2251 3593 2324 3651 de
2353 3591 2661 3651 dilectione
2688 3589 2947 3648 fratrum.

2145 3686 2224 3746 Et
2252 3686 2411 3762 quod
2440 3688 2563 3762 ipse
2592 3686 2654 3742 in
2682 3693 2843 3761 patre
2872 3695 2966 3743 aet

2229 3791 2391 3858 pater
2419 3780 2478 3838 in
2508 3780 2639 3856 ipso
2667 3788 2807 3838 aest.

2146 4063 2223 4122 Et
2251 4062 2324 4122 de
2353 4060 2771 4121 hobseruandis
2799 4077 2964 4117 man-

2228 4156 2377 4216 datis
2405 4155 2663 4233 paracliti
2693 4159 2809 4230 εἶδε.

2126 4495 2191 4544 X.
2258 4497 2617 4543 uolentibus:
2701 4492 2963 4542 ridentibus

2059 4561 2204 4626 lapsu
2227 4561 2289 4621 C,
2312 4567 2358 4609 et
2379 4576 2476 4609 om.
2499 4561 2714 4617 graeci·
2739 4559 2780 4607 C
2802 4557 2962 4622 spatio

2058 4632 2226 4675 tamen
2248 4626 2428 4674 relicto.
2498 4631 2625 4674 terra
2648 4623 2739 4674 O*.
2804 4626 2960 4673 caelo

2071 4707 2108 4740 -ι-
2125 4691 2256 4741 facta
2266 4691 2349 4740 0⁰.
2376 4696 2490 4754 post
2512 4694 2735 4740 inmom.
2761 4695 2820 4738 et
2835 4688 2956 4738 1*x.

2057 4773 2151 4807 om.
2198 4760 2353 4814 quod
2396 4772 2481 4806 sec.
2527 4757 2582 4805 J.
2661 4758 2829 4804 multi
2843 4768 2879 4804 -i-
2894 4754 2959 4803 ad

2058 4824 2214 4872 iesum
2228 4823 2290 4871 Θ.
2327 4822 2700 4870 crediderunt&
2705 4821 2837 4877 1⁶00,
2856 4835 2958 4870 cre·

2056 4886 2616 4947 derent1*x,ereduntJ.
2637 4892 2796 4938 annet
2804 4889 2959 4944 quod

2059 4991 2071 5003 .
2090 4989 2101 5002 .
2120 4992 2131 5002 .
2148 4952 2436 5013 ieeumO*(
2455 4967 2490 5002 4-
2506 4952 2616 5009 0⁶).
2654 4951 2955 5001 ommonff'.

2057 5018 2414 5069 confitebantur
2436 5018 2509 5078 ff,
2533 5017 2826 5068 confitentur
2849 5017 2888 5066 J
2892 5018 2956 5067 Ο.

2123 5085 2215 5134 XI.
2251 5084 2389 5134 lauat
2422 5084 2561 5134 OEIJ.
2620 5099 2714 5133 om.
2761 5089 2820 5132 et
2845 5089 2957 5147 post

2055 5154 2337 5208 praedicit
2353 5150 2459 5199 ΕΡΘ
2476 5167 2489 5206 3
2511 5149 2683 5200 deinde
2699 5164 2792 5198 om.
2807 5151 2877 5198 de
2892 5150 2956 5197 O.

2056 5220 2213 5273 ipso:
2250 5215 2342 5265 illo
2366 5216 2486 5264 OElc.

3076 853 3189 904 Uat.
3203 851 3348 901 Alex.
3365 848 3457 915 14(
3472 871 3514 890 ==
3535 848 3816 912 Thotn.1.p.
3829 846 3966 910 344).

3067 1225 3282 1286 Graeci
3309 1225 3384 1284 ad
3409 1224 3745 1302 Philippum
3772 1221 3968 1281 uidere

3149 1321 3344 1379 Iesum
3413 1319 3489 1377 Et
3571 1317 3827 1397 loquitur
3895 1315 3968 1375 de

3147 1432 3335 1492 grano
3385 1413 3658 1472 frumenti
3702 1410 3865 1489 quod
3908 1409 3970 1467 in

3149 1520 3358 1569 terram
3401 1508 3660 1568 mittitur.

3064 1884 3142 1942 Et
3192 1903 3310 1943 uox
3356 1884 3431 1943 de
3478 1882 3645 1943 caelo
3688 1881 3843 1942 facta
3883 1891 3972 1940 est

3147 1978 3224 2037 ad
3255 1977 3473 2038 Iesum.

3064 2073 3140 2131 Et
3182 2072 3346 2149 quod
3385 2071 3550 2130 multi
3588 2090 3662 2131 ex
3698 2069 3970 2147 principi-

3148 2168 3259 2226 bus
3312 2165 3616 2225 credentes
3660 2165 3722 2223 in
3772 2164 3968 2224 Iesum

3146 2279 3269 2321 non
3287 2260 3716 2319 confitebantur
3730 2268 3969 2337 propter

3148 2355 3537 2414 Pharisaeos„

3066 2557 3173 2617 XI.
3217 2556 3404 2615 Pedes
3443 2553 3855 2632 discipulorum
3880 2552 3967 2612 la-

3146 2661 3246 2710 uat
3272 2661 3447 2728 atque
3476 2667 3580 2709 eos
3608 2648 3798 2708 docet.

3069 3026 3161 3085 De
3190 3025 3339 3087 Iuda
3378 3025 3650 3085 traditore
3691 3023 3969 3100 praedicit

3149 3133 3207 3181 et
3249 3120 3409 3200 quod
3439 3119 3645 3179 Petrus
3681 3128 3768 3177 ter
3806 3117 3968 3176 illum

3152 3226 3467 3293 negaturus
3493 3223 3664 3274 esset.

3066 3593 3142 3654 Et
3210 3593 3286 3652 de
3346 3591 3650 3651 dilectione
3717 3588 3968 3649 inuicem

3148 3687 3406 3747 fratrum.

3065 3782 3142 3841 Et
3192 3781 3351 3859 quod
3407 3780 3530 3858 ipse
3587 3779 3646 3836 in
3694 3788 3854 3855 patre
3911 3786 3970 3838 et

3147 3885 3313 3954 pater
3342 3875 3401 3933 in
3431 3874 3531 3934 illo
3557 3883 3665 3932 est.

3065 4064 3144 4123 Et
3170 4064 3244 4123 de
3273 4062 3572 4141 paraclyto
3604 4060 3833 4137 Spiritu.

3064 4159 3142 4217 Et
3170 4159 3245 4218 de
3272 4155 3656 4218 obseruandis
3679 4154 3970 4215 mandatis

3146 4254 3284 4314 eius.
