4717 6400
849 687 976 764 284

1170 853 1376 904 AHVV
1390 854 1545 904 Harl.
1575 862 1717 919 2797.

847 945 1106 1004 XXXII.
1150 945 1408 1022 Pergens
1442 945 1518 1005 ad
1550 945 1728 1004 filiam
1762 944 1886 1003 iairi
1920 961 2048 1003 sus-

926 1040 1219 1100 citandam
1288 1039 1592 1098 mulierem
1655 1057 1690 1097 a
1759 1036 2048 1114 profluuio

928 1134 1227 1210 sanguinis
1261 1133 1447 1193 saluat
1481 1132 1855 1192 resuscitatae
1884 1130 2046 1207 puel-

925 1227 1015 1286 lae
1043 1227 1170 1286 dari
1197 1227 1478 1303 praecipit
1506 1226 1882 1284 manducare.

847 1321 1135 1380 XXXIII.
1193 1320 1458 1380 Conlatis
1513 1320 1820 1379 uirtutibus
1874 1318 2049 1378 mittit

929 1414 1239 1476 duodecim
1264 1416 1704 1493 praedicaturos
1725 1413 2050 1491 praeceptis

930 1509 1272 1569 salutaribus
1300 1509 1607 1568 institutos.

2517 850 2674 917 cfr).

2233 944 2389 1021 Iayri
2422 942 2601 1003 filiam
2637 943 2779 1002 dum
2818 944 2925 1003 iret
2963 960 3051 1002 re-

2315 1039 2593 1098 suscitare
2634 1037 2936 1096 mulierem
2976 1035 3054 1095 ha

2316 1131 2610 1209 profluuio
2638 1130 2859 1190 liberat.

2236 1224 2502 1284 Puellam
2529 1225 2800 1284 uiuificat.

2153 1324 2354 1381 VIII.
2407 1323 2625 1380 Mittit
2681 1323 3055 1391 discipulos

2314 1418 2712 1487 praedicare
2780 1418 2900 1474 dat
2955 1416 3055 1474 eis

2317 1512 2638 1568 homnem
2760 1514 3054 1579 potesta-

849 1603 1169 1663 XXXIIII.
1217 1603 1462 1662 Famam
1503 1604 1630 1664 eius
1669 1603 1903 1662 audisse
1946 1600 2050 1660 he·
2319 1609 2461 1662 tem

929 1698 1102 1758 rodes
1130 1696 1372 1757 refertur
1399 1708 1457 1756 et
1490 1696 1742 1774 apostoli
1780 1696 2052 1755 dicuntur
2238 1696 2451 1774 quibus
2518 1696 2738 1755 herode
2808 1697 3055 1755 mirante

928 1810 1081 1868 quae
1109 1791 1368 1851 fecerant
1397 1792 1700 1851 rettulisse.
2322 1789 2587 1849 reuersis.

849 1885 1101 1945 XXXV.
1145 1884 1424 1962 Quinque
1453 1886 1703 1961 panibus
1730 1893 1789 1943 et
1821 1884 2052 1943 duobus

929 1980 1186 2057 piscibus
1229 1980 1487 2057 quinque
1532 1978 1842 2038 hominum
1891 1977 2053 2036 milia

931 2083 1166 2133 samrat.

2241 1884 2314 1943 In
2342 1884 2574 1944 deserto
2602 1884 2861 1962 quinque
2893 1885 3056 1962 pani-

2320 1978 2429 2037 bus
2456 1988 2515 2036 et
2544 1978 2773 2038 duobus
2801 1979 3057 2056 piscibus

2320 2073 2582 2150 quinque
2655 2072 2817 2132 milia
2899 2073 3056 2133 uiros

2324 2167 2509 2225 safiat

2239 2260 2615 2337 Interrogans
2653 2278 2831 2337 quem
2869 2279 2930 2320 se
2966 2260 3052 2319 di-

2318 2366 2519 2415 cerent
2561 2356 2764 2414 turbae
2807 2374 2844 2414 a
2891 2366 3058 2432 petro

2319 2455 2434 2525 xps
2461 2448 2797 2509 declaratur.

2235 2543 2314 2603 Et
2341 2553 2546 2603 monet
2566 2543 2868 2619 abnegatis
2889 2542 3057 2602 hom-

2318 2635 2492 2694 nibus
2542 2652 2779 2695 crucem
2828 2634 2949 2693 tolli
3000 2646 3057 2693 et

2318 2753 2382 2794 se
2412 2735 2658 2812 insequi.

2236 2828 2573 2906 Designans
2612 2847 2775 2889 aesse
2809 2827 2923 2887 illic
2953 2828 3055 2905 qui

2316 2934 2567 2984 mortem
2602 2941 2725 2983 non
2758 2932 3056 3000 gustarent

2317 3028 2453 3078 ante
2497 3018 2786 3077 uisionem
2837 3016 3055 3093 gloriae

2315 3114 2456 3172 eius.

2153 3216 2393 3272 VIIII.
2465 3216 2552 3271 In
2631 3218 2862 3272 monte
2940 3214 3053 3271 ad-

2318 3313 2592 3378 sumpto
2676 3313 2873 3378 petro
2949 3309 3055 3366 Io-

2318 3405 2542 3461 hanne
2584 3408 2657 3461 et
2695 3404 2947 3460 Iacobo

2236 3500 2348 3571 xps
2409 3495 2851 3572 transfiguratur
2912 3495 3056 3553 inter

2318 3607 2587 3666 moysem
2663 3597 2758 3648 aet
2840 3588 3055 3648 heliam

2319 3683 2481 3742 uisus
2530 3681 2670 3741 hubi
2715 3683 2825 3741 tria
2867 3683 3055 3742 taber·

2319 3776 2532 3836 nacula
2589 3787 2788 3854 petrus
2842 3777 3056 3835 debere

2322 3870 2446 3929 fieri
2475 3870 2618 3929 dicit
2646 3880 2704 3929 et
2732 3872 2889 3929 nube
2910 3870 3055 3929 hob-

2318 3966 2666 4023 umbrantur
2747 3965 2856 4024 hac
2935 3982 3052 4023 uox

2318 4058 2582 4118 caelestis
2633 4059 2813 4117 filium
2863 4057 3053 4117 decla-

851 2256 1136 2315 XXXVI.
1213 2255 1604 2332 Inter-roganti
1732 2253 2051 2331 discipulos

931 2368 1110 2426 quem
1127 2367 1263 2408 eum
1284 2349 1545 2409 dicerent
1565 2347 1834 2408 homines
1855 2359 2055 2428 petrus

932 2443 1231 2519 respondit
1246 2443 1527 2502 christum
1544 2441 1635 2501 dei
1659 2452 1720 2502 at
1742 2443 1864 2519 ipse
1887 2461 2053 2519 prae·

932 2536 1161 2595 nuntiat
1187 2554 1249 2596 se
1277 2553 1601 2614 passurum.

850 2629 1168 2690 XXXVII.
1240 2629 1432 2690 Docet
1488 2639 1552 2687 ut
1605 2646 1742 2688 eum
1805 2629 2052 2707 quisque

932 2734 1240 2784 secuturus
1280 2725 1533 2801 abneget
1574 2723 1953 2800 semetipsum
1996 2734 2054 2782 et

929 2818 1221 2896 quosdam
1266 2837 1387 2877 non
1422 2819 1649 2877 uisuros
1683 2816 1763 2876 ait
1799 2828 2051 2877 mortem

933 2912 1124 2972 donec
1173 2912 1412 2972 uideant
1458 2929 1703 2989 regnum
1759 2911 1853 2971 dei
1909 2930 2050 2971 mox

933 3005 1642 3084 infertuntransfiguratus
1669 3006 1729 3064 in
1767 3017 2048 3066 montem.

918 4069 1146 4120 XXXII.
1180 4068 1450 4135 praeccipit
1467 4067 1561 4119 A*.
1602 4068 2052 4120 manducariHarl.

919 4136 1197 4185 XXXIIII.
1249 4135 1529 4190 >herodes
1575 4133 1696 4197 (·dis
1742 4136 1812 4198 Y)
1858 4135 2054 4186 audisse

854 4201 1084 4251 A0HVY
1099 4201 1255 4252 Harl.
1323 4200 1598 4250 retulissent
1622 4200 1693 4250 H.
2317 4163 2423 4212 rat.

919 4267 1135 4315 XXXV.
1176 4274 1231 4321 >
1252 4272 1439 4316 saturat
1471 4266 1687 4332 quinque
1716 4266 1857 4316 milia
1889 4267 2049 4316 homi·
2580 4313 2591 4325 ,
2768 4314 2780 4326 .

850 4347 971 4381 num
994 4333 1146 4380 Harl,
2219 4314 2366 4364 VIII.
2401 4312 2519 4363 data
2547 4329 2619 4363 eis
2647 4329 2783 4363 omm
2814 4320 3055 4378 potestate

921 4397 1167 4446 XXXVI.
1202 4397 1472 4462 interrogat
1494 4397 1721 4447 Harl.⁰⁰···
1786 4397 1952 4449 christi
1974 4397 2037 4447 v,
2151 4381 2300 4430 Alex.
2334 4386 2545 4444 uterque
2576 4386 2624 4429 et
2657 4380 2774 4430 Uat.
2838 4379 3054 4428 uirorum

2159 4445 2329 4495 Thom-
2398 4451 2457 4495 et
2480 4460 2540 4495 se
2563 4447 2814 4502 inseqni:
2849 4450 2899 4495 et
2913 4443 3054 4508 sequi

2152 4527 2206 4561 se
2229 4511 2377 4560 Alex.
2407 4524 2485 4574 14.

2221 4577 2400 4626 VIIII.
2436 4576 2487 4624 in
2526 4582 2747 4625 montem
2785 4576 2935 4626 Alex.
2976 4588 3053 4624 10.

2154 4648 2295 4707 petro
2318 4650 2369 4692 et
2394 4642 2610 4691 iohanne
2642 4642 2811 4692 Thom.
2881 4642 3052 4691 obum-

2155 4708 2325 4757 bratur
2350 4708 2464 4758 Uat.
2482 4720 2627 4770 4²²1·

923 4462 1200 4514 XXXVII.
1234 4470 1403 4513 monte
1428 4462 1531 4510 HV
1544 4463 1699 4514 Harl.

1796 683 2255 747 CAPITULA
2310 683 2428 744 IN
2466 684 2536 742 E
2538 682 2964 744 UANGELI
2965 681 3109 741 ΗΜ

3161 850 3286 900 ΒΘδ
3293 850 3605 917 (breues)OX
3618 851 3736 902 Par.
3748 852 3862 914 Lat.
3878 853 4053 917 10438.

3159 942 3298 1002 VII.
3340 941 3435 1001 De
3462 943 3753 1019 profluuio
3781 943 4035 1003 mulieris

3158 1037 3231 1096 de
3264 1037 3383 1095 filia
3419 1037 3698 1114 principis
3738 1038 3904 1097 cuius
3945 1054 4054 1097 no-

3239 1149 3377 1190 men
3417 1142 3541 1191 erat
3588 1132 3763 1191 iairus
3812 1132 4054 1192 resusci-

3239 1234 3371 1284 tata.

3158 1316 3328 1377 VIII.
3412 1317 3656 1379 Mittens
3741 1318 4055 1396 discipulos

3239 1412 3573 1490 praedicare
3592 1413 3692 1473 dat
3712 1413 3795 1473 eis
3816 1430 4054 1472 omnem

3239 1516 3587 1583 potestatem

3159 1883 3370 1959 quibus
3457 1883 3703 1943 reuersis
3799 1883 4055 1959 quinque

3241 1977 3400 2036 milia
3427 1978 3686 2037 uirorum
3716 1976 3886 2036 satiat

3162 2277 3198 2317 a
3224 2268 3389 2336 petro
3419 2264 3533 2335 xps
3563 2257 3904 2318 declaratur.

3158 3209 3360 3271 v1111.
3404 3212 3478 3270 In
3514 3223 3717 3274 monte
3746 3215 4052 3292 transfigu-

3239 3316 3397 3365 ratur
3441 3326 3687 3383 puerum
3733 3308 4053 3369 lunaticum
4144 3359 4167 3378 .,

3239 3400 3441 3459 liberat
3525 3413 3582 3459 et
3671 3402 4053 3462 humilitatem

3241 3495 3410 3554 docet

3222 4049 3315 4099 VI.
3351 4053 3421 4100 de
3461 4053 3538 4099 fil.
3580 4065 3662 4107 pr.
3686 4050 3840 4114 ponit
3868 4051 3905 4099 J
3939 4057 4057 4100 ante

3156 4118 3227 4165 de
3250 4118 3533 4173 profluuio
3557 4122 3722 4179 etpost
3736 4118 3988 4164 muneris
4004 4130 4043 4166 ⁴-

3157 4188 3294 4230 tactu
3317 4181 3541 4229 fimbriae
3563 4181 3649 4230 inu
3676 4188 3852 4230 sanato
3879 4182 4053 4244 10438.

3222 4246 3329 4296 Inc.
3353 4246 3471 4295 VH.
3510 4250 3581 4296 de
3612 4249 3733 4295 mia
3760 4261 3844 4305 pr.
3883 4247 4053 4297 Thom.

3155 4315 3348 4361 ouius:
3384 4312 3464 4361 cui
3486 4312 3523 4361 J
3527 4312 3591 4363 Ο.

3222 4377 3370 4426 VIII.
3407 4379 3717 4434 discipulos
3744 4389 3782 4427 -1-
3808 4392 3924 4427 suos
3964 4377 4055 4426 ΒΟ

3165 4443 3336 4493 Thom.
3402 4443 3929 4507 reuersh÷quinque
3971 4457 4056 4507 pa·

3156 4509 3302 4557 nibus
3343 4514 3394 4558 et
3436 4508 3630 4558 duobus
3669 4508 3887 4572 piscibus
3926 4508 4054 4558 ΒΘ.)ι

3164 4575 3335 4624 Thone.
3403 4589 3438 4623 a
3457 4580 3652 4632 petro:
3687 4589 3782 4622 om.
3808 4573 3920 4623 aO.
3972 4574 4057 4622 Ita

3156 4641 3279 4703 legit
3314 4640 3474 4703 10438
3515 4639 3617 4690 Ubi
3655 4638 3921 4688 duodecim
3958 4639 4055 4687 dis·

3157 4705 3313 4769 cipuli
3336 4704 3400 4754 ad
3425 4705 3772 4769 predicandum
3794 4704 4058 4753 mittuntur

3157 4770 3338 4835 quibus
3358 4770 3498 4820 dedit
3520 4785 3722 4820 ornnem
3744 4775 4057 4834 potestatem.

3223 4836 3324 4886 Ubi
3357 4834 3565 4885 herodes
3598 4835 3839 4900 comperit
3871 4834 4054 4883 famam

3158 4899 3245 4950 ihu
3266 4915 3478 4964 eumque
3498 4901 3666 4951 uidere
3686 4900 3891 4964 quaerit.

3225 4968 3307 5016 De
3328 4967 3543 5042 quinque
3565 4966 3776 5031 panibus
3797 4972 3846 5015 et
3864 4965 4057 5015 duobus

3054 5079 3068 5093 ,
3161 5032 3382 5096 piscibus
3401 5046 3617 5097 quinque
3637 5030 3778 5080 milia
3800 5030 4054 5080 hominum

3161 5097 3322 5147 satiat.

3225 5163 3328 5213 Ubi
3369 5177 3485 5211 suos
3522 5161 3593 5211 int
3766 5166 3788 5209 t
3825 5160 3919 5210 diis
3959 5160 4058 5210 dis·-

3159 5228 3352 5293 dpulos
3363 5243 3512 5292 quem
3526 5242 3638 5276 eum
3652 5225 3831 5292 populi
3843 5225 4057 5276 dicerent

3159 5300 3209 5344 et
3299 5299 3380 5342 tro
3401 5293 3690 5343 declaratur.

3278 5360 3328 5407 bi
3358 5358 3451 5408 dfis
3479 5358 3529 5406 in
3552 5364 3723 5407 monte
3744 5355 4055 5421 transfigura-

3160 5433 3242 5473 tur
3263 5439 3431 5474 coram
3453 5422 3726 5487 discipulis.

3226 5490 3401 5539 VIIII.
3437 5490 3484 5538 in
3508 5494 3730 5538 montem
3753 5487 3844 5539 0¹⁸¹.
