<?xml version="1.0" encoding="UTF-8"?>
<!DOCTYPE html PUBLIC "-//W3C//DTD XHTML 1.0 Transitional//EN"
    "http://www.w3.org/TR/xhtml1/DTD/xhtml1-transitional.dtd">
<html xmlns="http://www.w3.org/1999/xhtml" xml:lang="en" lang="en">
 <head>
  <title>
</title>
<meta http-equiv="Content-Type" content="text/html;charset=utf-8" />
  <meta name='ocr-system' content='tesseract 3.04.00' />
  <meta name='ocr-capabilities' content='ocr_page ocr_carea ocr_par ocr_line ocrx_word'/>
</head>
<body>
  <div class='ocr_page' id='page_1' title='image "./nouumtestamentu00whitgoog_0119.png"; bbox 0 0 4717 6400; ppageno 0'>
   <div class='ocr_carea' id='block_1_1' title="bbox 682 664 3686 758">
    <p class='ocr_par' dir='ltr' id='par_1_1' title="bbox 682 664 3686 758">
     <span class='ocr_line' id='line_1_1' title="bbox 682 664 3686 758; baseline -0.001 -28"><span class='ocrx_word' id='word_1_1' title='bbox 682 682 771 742; x_wconf 78' lang='lat' dir='ltr'>ut.</span> <span class='ocrx_word' id='word_1_2' title='bbox 798 664 1020 758; x_wconf 53' lang='lat'><strong>15†23.]</strong></span> <span class='ocrx_word' id='word_1_3' title='bbox 1285 669 1463 730; x_wconf 79' lang='lat' dir='ltr'>EUA</span> <span class='ocrx_word' id='word_1_4' title='bbox 1475 667 1931 731; x_wconf 72' lang='lat' dir='ltr'><em>NGELJUM</em></span> <span class='ocrx_word' id='word_1_5' title='bbox 1965 666 2492 730; x_wconf 76' lang='lat' dir='ltr'><em>SECUNDUM</em></span> <span class='ocrx_word' id='word_1_6' title='bbox 2528 668 2663 728; x_wconf 83' lang='lat' dir='ltr'>MA</span> <span class='ocrx_word' id='word_1_7' title='bbox 2683 665 3094 750; x_wconf 71' lang='lat' dir='ltr'><strong>TTHEUM.</strong></span> <span class='ocrx_word' id='word_1_8' title='bbox 3606 681 3640 748; x_wconf 92' lang='lat'><strong><em>7</em></strong></span> <span class='ocrx_word' id='word_1_9' title='bbox 3649 684 3686 750; x_wconf 85' lang='lat'>3</span> 
     </span>
    </p>
   </div>
   <div class='ocr_carea' id='block_1_2' title="bbox 674 855 3690 1024">
    <p class='ocr_par' dir='ltr' id='par_1_2' title="bbox 674 855 3690 1024">
     <span class='ocr_line' id='line_1_2' title="bbox 764 855 3690 943; baseline -0.001 -21"><span class='ocrx_word' id='word_1_10' title='bbox 764 857 1083 940; x_wconf 85' lang='lat' dir='ltr'>quamdiu</span> <span class='ocrx_word' id='word_1_11' title='bbox 1116 878 1268 922; x_wconf 90' lang='lat' dir='ltr'>cum</span> <span class='ocrx_word' id='word_1_12' title='bbox 1299 855 1430 921; x_wconf 89' lang='lat' dir='ltr'>illis</span> <span class='ocrx_word' id='word_1_13' title='bbox 1461 868 1563 923; x_wconf 94' lang='lat' dir='ltr'>est</span> <span class='ocrx_word' id='word_1_14' title='bbox 1591 863 1921 943; x_wconf 79' lang='lat' dir='ltr'>sponsus?</span> <span class='ocrx_word' id='word_1_15' title='bbox 2220 883 2225 892; x_wconf 87' lang='lat'><strong>·</strong></span> <span class='ocrx_word' id='word_1_16' title='bbox 2291 857 2413 921; x_wconf 90' lang='lat' dir='ltr'>sed</span> <span class='ocrx_word' id='word_1_17' title='bbox 2445 857 2594 921; x_wconf 91' lang='lat' dir='ltr'>ueni</span> <span class='ocrx_word' id='word_1_18' title='bbox 2625 857 2871 941; x_wconf 89' lang='lat' dir='ltr'>inpone</span> <span class='ocrx_word' id='word_1_19' title='bbox 2911 877 3183 923; x_wconf 89' lang='lat' dir='ltr'>manum</span> <span class='ocrx_word' id='word_1_20' title='bbox 3212 877 3409 940; x_wconf 88' lang='lat' dir='ltr'>super</span> <span class='ocrx_word' id='word_1_21' title='bbox 3440 874 3588 919; x_wconf 87' lang='lat' dir='ltr'>eam</span> <span class='ocrx_word' id='word_1_22' title='bbox 3620 862 3690 919; x_wconf 88' lang='lat' dir='ltr'>et</span> 
     </span>
     <span class='ocr_line' id='line_1_3' title="bbox 674 957 2561 1024; baseline 0.003 -5"><span class='ocrx_word' id='word_1_23' title='bbox 674 958 939 1022; x_wconf 90' lang='lat' dir='ltr'>uenient</span> <span class='ocrx_word' id='word_1_24' title='bbox 967 968 1195 1022; x_wconf 91' lang='lat' dir='ltr'>autem</span> <span class='ocrx_word' id='word_1_25' title='bbox 1233 957 1375 1022; x_wconf 89' lang='lat' dir='ltr'>dies</span> <span class='ocrx_word' id='word_1_26' title='bbox 1419 978 1572 1022; x_wconf 91' lang='lat' dir='ltr'>cum</span> <span class='ocrx_word' id='word_1_27' title='bbox 1617 958 1948 1023; x_wconf 83' lang='lat' dir='ltr'><strong>auferetur</strong></span> <span class='ocrx_word' id='word_1_28' title='bbox 1989 958 2079 1022; x_wconf 95' lang='lat' dir='ltr'>ab</span> <span class='ocrx_word' id='word_1_29' title='bbox 2379 961 2561 1024; x_wconf 91' lang='lat' dir='ltr'>uiuet</span> 
     </span>
    </p>
   </div>
   <div class='ocr_carea' id='block_1_3' title="bbox 591 1062 3691 1753">
    <p class='ocr_par' dir='ltr' id='par_1_3' title="bbox 591 1062 3691 1753">
     <span class='ocr_line' id='line_1_4' title="bbox 757 1062 3691 1149; baseline 0.001 -24"><span class='ocrx_word' id='word_1_30' title='bbox 757 1062 852 1125; x_wconf 90' lang='lat' dir='ltr'>eis</span> <span class='ocrx_word' id='word_1_31' title='bbox 883 1082 1165 1145; x_wconf 89' lang='lat' dir='ltr'>sponsus</span> <span class='ocrx_word' id='word_1_32' title='bbox 1193 1071 1261 1127; x_wconf 89' lang='lat' dir='ltr'>et</span> <span class='ocrx_word' id='word_1_33' title='bbox 1296 1072 1458 1127; x_wconf 91' lang='lat' dir='ltr'>tunc</span> <span class='ocrx_word' id='word_1_34' title='bbox 1490 1063 1896 1127; x_wconf 88' lang='lat' dir='ltr'>ieiunabunt.</span> <span class='ocrx_word' id='word_1_35' title='bbox 2217 1063 2269 1104; x_wconf 81' lang='lat'>¹⁹</span> <span class='ocrx_word' id='word_1_36' title='bbox 2289 1073 2358 1128; x_wconf 89' lang='lat' dir='ltr'>et</span> <span class='ocrx_word' id='word_1_37' title='bbox 2409 1085 2680 1148; x_wconf 87' lang='lat' dir='ltr'>surgens</span> <span class='ocrx_word' id='word_1_38' title='bbox 2751 1065 2926 1130; x_wconf 91' lang='lat' dir='ltr'>iesus</span> <span class='ocrx_word' id='word_1_39' title='bbox 2977 1066 3378 1149; x_wconf 82' lang='lat' dir='ltr'>sequebatur</span> <span class='ocrx_word' id='word_1_40' title='bbox 3422 1082 3576 1128; x_wconf 89' lang='lat' dir='ltr'>eum</span> <span class='ocrx_word' id='word_1_41' title='bbox 3621 1072 3691 1127; x_wconf 91' lang='lat' dir='ltr'>et</span> 
     </span>
     <span class='ocr_line' id='line_1_5' title="bbox 591 1163 2864 1252; baseline 0.002 -25"><span class='ocrx_word' id='word_1_42' title='bbox 591 1170 650 1213; x_wconf 80' lang='lat'>1⁶</span> <span class='ocrx_word' id='word_1_43' title='bbox 669 1163 893 1232; x_wconf 89' lang='lat' dir='ltr'>Nemo</span> <span class='ocrx_word' id='word_1_44' title='bbox 949 1176 1177 1230; x_wconf 90' lang='lat' dir='ltr'>autem</span> <span class='ocrx_word' id='word_1_45' title='bbox 1237 1166 1513 1230; x_wconf 87' lang='lat' dir='ltr'><strong>inmittit</strong></span> <span class='ocrx_word' id='word_1_46' title='bbox 1574 1166 2073 1231; x_wconf 82' lang='lat' dir='ltr'>commissuram</span> <span class='ocrx_word' id='word_1_47' title='bbox 2374 1167 2674 1252; x_wconf 90' lang='lat' dir='ltr'>discipuli</span> <span class='ocrx_word' id='word_1_48' title='bbox 2704 1169 2864 1233; x_wconf 89' lang='lat' dir='ltr'>eius.</span> 
     </span>
     <span class='ocr_line' id='line_1_6' title="bbox 757 1257 3689 1355; baseline -0.001 -22"><span class='ocrx_word' id='word_1_49' title='bbox 757 1271 958 1353; x_wconf 90' lang='lat' dir='ltr'>panni</span> <span class='ocrx_word' id='word_1_50' title='bbox 992 1271 1174 1334; x_wconf 88' lang='lat' dir='ltr'>rudis</span> <span class='ocrx_word' id='word_1_51' title='bbox 1204 1271 1272 1334; x_wconf 90' lang='lat' dir='ltr'>in</span> <span class='ocrx_word' id='word_1_52' title='bbox 1303 1272 1776 1335; x_wconf 90' lang='lat' dir='ltr'>uestimentum</span> <span class='ocrx_word' id='word_1_53' title='bbox 1807 1280 2003 1335; x_wconf 91' lang='lat' dir='ltr'>uetus</span> <span class='ocrx_word' id='word_1_54' title='bbox 2213 1257 2268 1297; x_wconf 76' lang='lat'>²⁰</span> <span class='ocrx_word' id='word_1_55' title='bbox 2287 1270 2381 1334; x_wconf 91' lang='lat' dir='ltr'>Et</span> <span class='ocrx_word' id='word_1_56' title='bbox 2411 1292 2565 1336; x_wconf 90' lang='lat' dir='ltr'>ecce</span> <span class='ocrx_word' id='word_1_57' title='bbox 2596 1271 2830 1336; x_wconf 89' lang='lat' dir='ltr'>mulier</span> <span class='ocrx_word' id='word_1_58' title='bbox 2852 1292 3023 1355; x_wconf 89' lang='lat' dir='ltr'>quae</span> <span class='ocrx_word' id='word_1_59' title='bbox 3050 1270 3387 1354; x_wconf 85' lang='lat' dir='ltr'>sanguinis</span> <span class='ocrx_word' id='word_1_60' title='bbox 3427 1269 3689 1333; x_wconf 79' lang='lat' dir='ltr'>fluxum</span> 
     </span>
     <span class='ocr_line' id='line_1_7' title="bbox 668 1372 3357 1457; baseline 0 -19"><span class='ocrx_word' id='word_1_61' title='bbox 668 1372 847 1438; x_wconf 92' lang='lat' dir='ltr'>tollit</span> <span class='ocrx_word' id='word_1_62' title='bbox 890 1375 1066 1440; x_wconf 91' lang='lat' dir='ltr'>enim</span> <span class='ocrx_word' id='word_1_63' title='bbox 1106 1373 1583 1457; x_wconf 82' lang='lat' dir='ltr'>plenitudinem</span> <span class='ocrx_word' id='word_1_64' title='bbox 1612 1376 1754 1441; x_wconf 90' lang='lat' dir='ltr'>eius</span> <span class='ocrx_word' id='word_1_65' title='bbox 1792 1396 1834 1440; x_wconf 88' lang='lat' dir='ltr'>a</span> <span class='ocrx_word' id='word_1_66' title='bbox 1873 1375 2072 1439; x_wconf 92' lang='lat' dir='ltr'>uesti-</span> <span class='ocrx_word' id='word_1_67' title='bbox 2373 1376 2754 1457; x_wconf 87' lang='lat' dir='ltr'>patiebatur</span> <span class='ocrx_word' id='word_1_68' title='bbox 2781 1376 3138 1441; x_wconf 90' lang='lat' dir='ltr'>duodecim</span> <span class='ocrx_word' id='word_1_69' title='bbox 3168 1375 3357 1440; x_wconf 87' lang='lat' dir='ltr'>annis</span> 
     </span>
     <span class='ocr_line' id='line_1_8' title="bbox 758 1474 3689 1564; baseline 0.001 -27"><span class='ocrx_word' id='word_1_70' title='bbox 758 1483 985 1538; x_wconf 85' lang='lat' dir='ltr'>mento</span> <span class='ocrx_word' id='word_1_71' title='bbox 1016 1483 1083 1539; x_wconf 91' lang='lat' dir='ltr'>et</span> <span class='ocrx_word' id='word_1_72' title='bbox 1111 1474 1297 1557; x_wconf 89' lang='lat' dir='ltr'>peior</span> <span class='ocrx_word' id='word_1_73' title='bbox 1323 1474 1600 1540; x_wconf 82' lang='lat' dir='ltr'>scissura</span> <span class='ocrx_word' id='word_1_74' title='bbox 1628 1474 1705 1538; x_wconf 87' lang='lat' dir='ltr'>fit</span> <span class='ocrx_word' id='word_1_75' title='bbox 2283 1480 2562 1544; x_wconf 90' lang='lat' dir='ltr'>accessit</span> <span class='ocrx_word' id='word_1_76' title='bbox 2593 1491 2767 1544; x_wconf 85' lang='lat' dir='ltr'>retro</span> <span class='ocrx_word' id='word_1_77' title='bbox 2787 1489 2852 1545; x_wconf 91' lang='lat' dir='ltr'>et</span> <span class='ocrx_word' id='word_1_78' title='bbox 2883 1480 3104 1564; x_wconf 88' lang='lat' dir='ltr'>tetigit</span> <span class='ocrx_word' id='word_1_79' title='bbox 3135 1479 3462 1544; x_wconf 89' lang='lat' dir='ltr'>fimbriam</span> <span class='ocrx_word' id='word_1_80' title='bbox 3489 1475 3689 1541; x_wconf 89' lang='lat' dir='ltr'>uesti-</span> 
     </span>
     <span class='ocr_line' id='line_1_9' title="bbox 673 1578 2748 1659; baseline 0.005 -19"><span class='ocrx_word' id='word_1_81' title='bbox 673 1597 888 1659; x_wconf 89' lang='lat' dir='ltr'>neque</span> <span class='ocrx_word' id='word_1_82' title='bbox 920 1578 1196 1644; x_wconf 89' lang='lat' dir='ltr'>mittunt</span> <span class='ocrx_word' id='word_1_83' title='bbox 1233 1579 1470 1644; x_wconf 88' lang='lat' dir='ltr'>uinum</span> <span class='ocrx_word' id='word_1_84' title='bbox 1501 1598 1751 1642; x_wconf 91' lang='lat' dir='ltr'>nouum</span> <span class='ocrx_word' id='word_1_85' title='bbox 1800 1578 1865 1642; x_wconf 91' lang='lat' dir='ltr'>in</span> <span class='ocrx_word' id='word_1_86' title='bbox 1896 1589 2074 1643; x_wconf 90' lang='lat' dir='ltr'>utres</span> <span class='ocrx_word' id='word_1_87' title='bbox 2372 1586 2575 1649; x_wconf 90' lang='lat' dir='ltr'>menti</span> <span class='ocrx_word' id='word_1_88' title='bbox 2608 1586 2748 1650; x_wconf 89' lang='lat' dir='ltr'>eius</span> 
     </span>
     <span class='ocr_line' id='line_1_10' title="bbox 754 1685 3060 1753; baseline 0.004 -9"><span class='ocrx_word' id='word_1_89' title='bbox 754 1691 1011 1745; x_wconf 89' lang='lat' dir='ltr'>ueteres</span> <span class='ocrx_word' id='word_1_90' title='bbox 2211 1685 2262 1724; x_wconf 77' lang='lat'>²¹</span> <span class='ocrx_word' id='word_1_91' title='bbox 2283 1687 2548 1752; x_wconf 89' lang='lat' dir='ltr'>dicebat</span> <span class='ocrx_word' id='word_1_92' title='bbox 2579 1688 2758 1752; x_wconf 91' lang='lat' dir='ltr'>enim</span> <span class='ocrx_word' id='word_1_93' title='bbox 2787 1688 2959 1753; x_wconf 88' lang='lat' dir='ltr'>intra</span> <span class='ocrx_word' id='word_1_94' title='bbox 2988 1709 3060 1753; x_wconf 91' lang='lat' dir='ltr'>se</span> 
     </span>
    </p>
   </div>
   <div class='ocr_carea' id='block_1_4' title="bbox 666 1782 3688 1974">
    <p class='ocr_par' dir='ltr' id='par_1_4' title="bbox 666 1782 3688 1974">
     <span class='ocr_line' id='line_1_11' title="bbox 666 1782 3688 1875; baseline 0.001 -26"><span class='ocrx_word' id='word_1_95' title='bbox 666 1782 965 1867; x_wconf 90' lang='lat' dir='ltr'>alioquin</span> <span class='ocrx_word' id='word_1_96' title='bbox 1026 1795 1415 1868; x_wconf 88' lang='lat' dir='ltr'>rumpuntur</span> <span class='ocrx_word' id='word_1_97' title='bbox 1472 1795 1651 1851; x_wconf 89' lang='lat' dir='ltr'>utres</span> <span class='ocrx_word' id='word_1_98' title='bbox 1709 1795 1778 1850; x_wconf 90' lang='lat' dir='ltr'>et</span> <span class='ocrx_word' id='word_1_99' title='bbox 1846 1787 2070 1850; x_wconf 90' lang='lat' dir='ltr'>uinum</span> <span class='ocrx_word' id='word_1_100' title='bbox 2282 1791 2338 1854; x_wconf 89' lang='lat' dir='ltr'>si</span> <span class='ocrx_word' id='word_1_101' title='bbox 2383 1793 2664 1875; x_wconf 88' lang='lat' dir='ltr'>tetigero</span> <span class='ocrx_word' id='word_1_102' title='bbox 2710 1803 2970 1858; x_wconf 89' lang='lat' dir='ltr'>tantum</span> <span class='ocrx_word' id='word_1_103' title='bbox 3030 1791 3497 1856; x_wconf 91' lang='lat' dir='ltr'>uestimentum</span> <span class='ocrx_word' id='word_1_104' title='bbox 3549 1791 3688 1854; x_wconf 89' lang='lat' dir='ltr'>eius</span> 
     </span>
     <span class='ocr_line' id='line_1_12' title="bbox 756 1888 2701 1974; baseline 0.004 -21"><span class='ocrx_word' id='word_1_105' title='bbox 756 1888 1117 1953; x_wconf 80' lang='lat' dir='ltr'>effunditur</span> <span class='ocrx_word' id='word_1_106' title='bbox 1145 1899 1215 1953; x_wconf 91' lang='lat' dir='ltr'>et</span> <span class='ocrx_word' id='word_1_107' title='bbox 1241 1900 1421 1954; x_wconf 67' lang='lat' dir='ltr'>utroe</span> <span class='ocrx_word' id='word_1_108' title='bbox 1447 1900 1726 1974; x_wconf 83' lang='lat' dir='ltr'>pereunt</span> <span class='ocrx_word' id='word_1_109' title='bbox 2370 1894 2557 1960; x_wconf 88' lang='lat' dir='ltr'>salua</span> <span class='ocrx_word' id='word_1_110' title='bbox 2587 1917 2701 1961; x_wconf 89' lang='lat' dir='ltr'>ero</span> 
     </span>
    </p>
   </div>
   <div class='ocr_carea' id='block_1_5' title="bbox 596 1984 3688 2602">
    <p class='ocr_par' dir='ltr' id='par_1_5' title="bbox 596 1984 3688 2602">
     <span class='ocr_line' id='line_1_13' title="bbox 675 1984 3688 2065; baseline 0.001 -7"><span class='ocrx_word' id='word_1_111' title='bbox 675 1994 793 2058; x_wconf 80' lang='lat' dir='ltr'>sed</span> <span class='ocrx_word' id='word_1_112' title='bbox 824 1993 1055 2056; x_wconf 91' lang='lat' dir='ltr'>uinum</span> <span class='ocrx_word' id='word_1_113' title='bbox 1085 2013 1338 2057; x_wconf 90' lang='lat' dir='ltr'>nouum</span> <span class='ocrx_word' id='word_1_114' title='bbox 1370 1994 1437 2058; x_wconf 92' lang='lat' dir='ltr'>in</span> <span class='ocrx_word' id='word_1_115' title='bbox 1468 2005 1646 2059; x_wconf 88' lang='lat' dir='ltr'>utres</span> <span class='ocrx_word' id='word_1_116' title='bbox 1676 2015 1887 2059; x_wconf 91' lang='lat' dir='ltr'>nouos</span> <span class='ocrx_word' id='word_1_117' title='bbox 1918 1996 2072 2062; x_wconf 90' lang='lat' dir='ltr'>mit·</span> <span class='ocrx_word' id='word_1_118' title='bbox 2211 1984 2353 2064; x_wconf 77' lang='lat' dir='ltr'>²²at</span> <span class='ocrx_word' id='word_1_119' title='bbox 2412 2000 2587 2064; x_wconf 88' lang='lat' dir='ltr'>iesus</span> <span class='ocrx_word' id='word_1_120' title='bbox 2645 2021 2999 2065; x_wconf 89' lang='lat' dir='ltr'>conuersus</span> <span class='ocrx_word' id='word_1_121' title='bbox 3073 2010 3141 2064; x_wconf 90' lang='lat' dir='ltr'>et</span> <span class='ocrx_word' id='word_1_122' title='bbox 3219 1999 3455 2063; x_wconf 89' lang='lat' dir='ltr'>uidens</span> <span class='ocrx_word' id='word_1_123' title='bbox 3537 2019 3688 2063; x_wconf 91' lang='lat' dir='ltr'>eam</span> 
     </span>
     <span class='ocr_line' id='line_1_14' title="bbox 756 2100 2548 2168; baseline 0.003 -5"><span class='ocrx_word' id='word_1_124' title='bbox 756 2108 908 2164; x_wconf 89' lang='lat' dir='ltr'>tunt</span> <span class='ocrx_word' id='word_1_125' title='bbox 938 2108 1006 2164; x_wconf 91' lang='lat' dir='ltr'>et</span> <span class='ocrx_word' id='word_1_126' title='bbox 1034 2100 1236 2163; x_wconf 90' lang='lat' dir='ltr'>ambo</span> <span class='ocrx_word' id='word_1_127' title='bbox 1266 2109 1751 2165; x_wconf 89' lang='lat' dir='ltr'>conseruantur.</span> <span class='ocrx_word' id='word_1_128' title='bbox 2370 2104 2548 2168; x_wconf 85' lang='lat' dir='ltr'>dixit</span> 
     </span>
     <span class='ocr_line' id='line_1_15' title="bbox 596 2201 3629 2286; baseline 0.001 -19"><span class='ocrx_word' id='word_1_129' title='bbox 596 2201 767 2255; x_wconf 62' lang='lat'><strong>¹⁸0⁴·</strong></span> <span class='ocrx_word' id='word_1_130' title='bbox 787 2201 834 2254; x_wconf 76' lang='lat'>²)</span> <span class='ocrx_word' id='word_1_131' title='bbox 869 2204 1060 2268; x_wconf 90' lang='lat' dir='ltr'>Haec</span> <span class='ocrx_word' id='word_1_132' title='bbox 1090 2202 1205 2267; x_wconf 89' lang='lat' dir='ltr'>illo</span> <span class='ocrx_word' id='word_1_133' title='bbox 1235 2202 1551 2286; x_wconf 89' lang='lat' dir='ltr'>loquente</span> <span class='ocrx_word' id='word_1_134' title='bbox 1578 2205 1667 2269; x_wconf 91' lang='lat' dir='ltr'>ad</span> <span class='ocrx_word' id='word_1_135' title='bbox 1697 2226 1812 2270; x_wconf 90' lang='lat' dir='ltr'>eos</span> <span class='ocrx_word' id='word_1_136' title='bbox 2283 2207 2548 2272; x_wconf 88' lang='lat' dir='ltr'>confide</span> <span class='ocrx_word' id='word_1_137' title='bbox 2579 2205 2715 2273; x_wconf 89' lang='lat' dir='ltr'>filia</span> <span class='ocrx_word' id='word_1_138' title='bbox 2747 2207 2914 2272; x_wconf 87' lang='lat' dir='ltr'>fid&#39;es</span> <span class='ocrx_word' id='word_1_139' title='bbox 2943 2217 3061 2271; x_wconf 90' lang='lat' dir='ltr'>tua</span> <span class='ocrx_word' id='word_1_140' title='bbox 3091 2216 3161 2270; x_wconf 91' lang='lat' dir='ltr'>te</span> <span class='ocrx_word' id='word_1_141' title='bbox 3188 2205 3446 2271; x_wconf 89' lang='lat' dir='ltr'>saluam</span> <span class='ocrx_word' id='word_1_142' title='bbox 3474 2206 3629 2272; x_wconf 87' lang='lat' dir='ltr'>fecit</span> 
     </span>
     <span class='ocr_line' id='line_1_16' title="bbox 672 2309 3632 2393; baseline 0 -19"><span class='ocrx_word' id='word_1_143' title='bbox 672 2330 826 2374; x_wconf 89' lang='lat' dir='ltr'>ecce</span> <span class='ocrx_word' id='word_1_144' title='bbox 843 2309 1149 2393; x_wconf 87' lang='lat' dir='ltr'>princeps</span> <span class='ocrx_word' id='word_1_145' title='bbox 1170 2328 1339 2373; x_wconf 89' lang='lat' dir='ltr'>unus</span> <span class='ocrx_word' id='word_1_146' title='bbox 1357 2310 1635 2374; x_wconf 88' lang='lat' dir='ltr'>accessit</span> <span class='ocrx_word' id='word_1_147' title='bbox 1658 2317 1727 2373; x_wconf 93' lang='lat' dir='ltr'>et</span> <span class='ocrx_word' id='word_1_148' title='bbox 1749 2310 2074 2376; x_wconf 89' lang='lat' dir='ltr'>adorabat</span> <span class='ocrx_word' id='word_1_149' title='bbox 2286 2320 2354 2376; x_wconf 91' lang='lat' dir='ltr'>et</span> <span class='ocrx_word' id='word_1_150' title='bbox 2384 2310 2571 2377; x_wconf 89' lang='lat' dir='ltr'>salua</span> <span class='ocrx_word' id='word_1_151' title='bbox 2601 2311 2778 2377; x_wconf 87' lang='lat' dir='ltr'>sacta</span> <span class='ocrx_word' id='word_1_152' title='bbox 2809 2321 2910 2375; x_wconf 89' lang='lat' dir='ltr'>est</span> <span class='ocrx_word' id='word_1_153' title='bbox 2939 2310 3174 2375; x_wconf 91' lang='lat' dir='ltr'>mulier</span> <span class='ocrx_word' id='word_1_154' title='bbox 3203 2332 3291 2376; x_wconf 87' lang='lat' dir='ltr'>ex</span> <span class='ocrx_word' id='word_1_155' title='bbox 3323 2309 3632 2375; x_wconf 51' lang='lat' dir='ltr'>illa‘hora</span> 
     </span>
     <span class='ocr_line' id='line_1_17' title="bbox 759 2412 3687 2499; baseline -0.001 -21"><span class='ocrx_word' id='word_1_156' title='bbox 759 2433 912 2478; x_wconf 90' lang='lat' dir='ltr'>eum</span> <span class='ocrx_word' id='word_1_157' title='bbox 940 2412 1167 2477; x_wconf 88' lang='lat' dir='ltr'>dicens</span> <span class='ocrx_word' id='word_1_158' title='bbox 2215 2421 2268 2461; x_wconf 75' lang='lat'>²³</span> <span class='ocrx_word' id='word_1_159' title='bbox 2287 2426 2353 2480; x_wconf 92' lang='lat' dir='ltr'>et</span> <span class='ocrx_word' id='word_1_160' title='bbox 2385 2436 2539 2479; x_wconf 93' lang='lat' dir='ltr'>cum</span> <span class='ocrx_word' id='word_1_161' title='bbox 2569 2416 2859 2480; x_wconf 89' lang='lat' dir='ltr'>uenisset</span> <span class='ocrx_word' id='word_1_162' title='bbox 2896 2416 3070 2479; x_wconf 89' lang='lat' dir='ltr'>iesus</span> <span class='ocrx_word' id='word_1_163' title='bbox 3100 2416 3166 2479; x_wconf 90' lang='lat' dir='ltr'>in</span> <span class='ocrx_word' id='word_1_164' title='bbox 3196 2415 3474 2480; x_wconf 90' lang='lat' dir='ltr'>domum</span> <span class='ocrx_word' id='word_1_165' title='bbox 3510 2413 3687 2499; x_wconf 85' lang='lat' dir='ltr'>prin·</span> 
     </span>
     <span class='ocr_line' id='line_1_18' title="bbox 675 2515 2535 2602; baseline 0.001 -20"><span class='ocrx_word' id='word_1_166' title='bbox 675 2517 812 2583; x_wconf 85' lang='lat' dir='ltr'>filia</span> <span class='ocrx_word' id='word_1_167' title='bbox 849 2538 999 2582; x_wconf 89' lang='lat' dir='ltr'>mea</span> <span class='ocrx_word' id='word_1_168' title='bbox 1036 2517 1239 2581; x_wconf 91' lang='lat' dir='ltr'>modo</span> <span class='ocrx_word' id='word_1_169' title='bbox 1267 2515 1582 2583; x_wconf 83' lang='lat' dir='ltr'>defuncta</span> <span class='ocrx_word' id='word_1_170' title='bbox 1610 2527 1712 2581; x_wconf 89' lang='lat' dir='ltr'>est</span> <span class='ocrx_word' id='word_1_171' title='bbox 2373 2521 2535 2602; x_wconf 83' lang='lat' dir='ltr'>cipis</span> 
     </span>
    </p>
   </div>
   <div class='ocr_carea' id='block_1_6' title="bbox 593 1561 651 1604">
    <p class='ocr_par' dir='ltr' id='par_1_6' title="bbox 593 1561 651 1604">
     <span class='ocr_line' id='line_1_19' title="bbox 593 1561 651 1604; baseline 0 0"><span class='ocrx_word' id='word_1_172' title='bbox 593 1561 651 1604; x_wconf 77' lang='lat'>1⁸1</span> 
     </span>
    </p>
   </div>
   <div class='ocr_carea' id='block_1_7' title="bbox 677 2719 3691 3837">
    <p class='ocr_par' dir='ltr' id='par_1_7' title="bbox 677 2719 3691 3367">
     <span class='ocr_line' id='line_1_20' title="bbox 677 2719 3691 2803; baseline 0 -21"><span class='ocrx_word' id='word_1_173' title='bbox 677 2740 945 2800; x_wconf 88' lang='lat' dir='ltr'>sponsus.</span> <span class='ocrx_word' id='word_1_174' title='bbox 995 2719 1236 2783; x_wconf 81' lang='lat' dir='ltr'>uenient</span> <span class='ocrx_word' id='word_1_175' title='bbox 1262 2734 1459 2783; x_wconf 84' lang='lat' dir='ltr'>autem</span> <span class='ocrx_word' id='word_1_176' title='bbox 1489 2724 1626 2782; x_wconf 88' lang='lat' dir='ltr'>dies.</span> <span class='ocrx_word' id='word_1_177' title='bbox 1677 2722 1914 2801; x_wconf 87' lang='lat' dir='ltr'>quando</span> <span class='ocrx_word' id='word_1_178' title='bbox 1942 2722 2231 2783; x_wconf 89' lang='lat' dir='ltr'>auferetur</span> <span class='ocrx_word' id='word_1_179' title='bbox 2258 2724 2336 2783; x_wconf 88' lang='lat' dir='ltr'>ab</span> <span class='ocrx_word' id='word_1_180' title='bbox 2364 2725 2449 2784; x_wconf 91' lang='lat' dir='ltr'>eis</span> <span class='ocrx_word' id='word_1_181' title='bbox 2478 2743 2747 2803; x_wconf 87' lang='lat' dir='ltr'>sponsus.</span> <span class='ocrx_word' id='word_1_182' title='bbox 2795 2735 2854 2784; x_wconf 91' lang='lat' dir='ltr'>et</span> <span class='ocrx_word' id='word_1_183' title='bbox 2881 2735 3021 2785; x_wconf 90' lang='lat' dir='ltr'>tunc</span> <span class='ocrx_word' id='word_1_184' title='bbox 3048 2724 3403 2785; x_wconf 87' lang='lat' dir='ltr'>ieiunabunt.</span> <span class='ocrx_word' id='word_1_185' title='bbox 3454 2722 3498 2757; x_wconf 80' lang='lat'>¹‘</span> <span class='ocrx_word' id='word_1_186' title='bbox 3512 2739 3691 2783; x_wconf 88' lang='lat' dir='ltr'>nemo</span> 
     </span>
     <span class='ocr_line' id='line_1_21' title="bbox 677 2818 3688 2897; baseline -0.001 -20"><span class='ocrx_word' id='word_1_187' title='bbox 677 2828 872 2877; x_wconf 86' lang='lat' dir='ltr'>autem</span> <span class='ocrx_word' id='word_1_188' title='bbox 899 2818 1205 2878; x_wconf 89' lang='lat' dir='ltr'>committit</span> <span class='ocrx_word' id='word_1_189' title='bbox 1232 2818 1678 2878; x_wconf 86' lang='lat' dir='ltr'>commissuram</span> <span class='ocrx_word' id='word_1_190' title='bbox 1720 2818 1901 2895; x_wconf 89' lang='lat' dir='ltr'>panni</span> <span class='ocrx_word' id='word_1_191' title='bbox 1935 2818 2111 2878; x_wconf 76' lang='lat' dir='ltr'>rudis;</span> <span class='ocrx_word' id='word_1_192' title='bbox 2169 2819 2231 2877; x_wconf 92' lang='lat' dir='ltr'>in</span> <span class='ocrx_word' id='word_1_193' title='bbox 2267 2819 2619 2879; x_wconf 90' lang='lat' dir='ltr'>uestimento</span> <span class='ocrx_word' id='word_1_194' title='bbox 2652 2820 2848 2880; x_wconf 90' lang='lat' dir='ltr'>ueteri.</span> <span class='ocrx_word' id='word_1_195' title='bbox 2912 2820 3058 2879; x_wconf 91' lang='lat' dir='ltr'>tollit</span> <span class='ocrx_word' id='word_1_196' title='bbox 3084 2821 3243 2879; x_wconf 90' lang='lat' dir='ltr'>enim</span> <span class='ocrx_word' id='word_1_197' title='bbox 3270 2818 3688 2897; x_wconf 88' lang='lat' dir='ltr'>plenitudinem</span> 
     </span>
     <span class='ocr_line' id='line_1_22' title="bbox 677 2911 3691 2990; baseline -0 -20"><span class='ocrx_word' id='word_1_198' title='bbox 677 2913 802 2971; x_wconf 88' lang='lat' dir='ltr'>eius</span> <span class='ocrx_word' id='word_1_199' title='bbox 821 2931 857 2971; x_wconf 89' lang='lat' dir='ltr'>a</span> <span class='ocrx_word' id='word_1_200' title='bbox 878 2913 1227 2973; x_wconf 90' lang='lat' dir='ltr'>uestimento</span> <span class='ocrx_word' id='word_1_201' title='bbox 1248 2921 1306 2971; x_wconf 90' lang='lat' dir='ltr'>et</span> <span class='ocrx_word' id='word_1_202' title='bbox 1325 2911 1490 2989; x_wconf 88' lang='lat' dir='ltr'>peior</span> <span class='ocrx_word' id='word_1_203' title='bbox 1509 2912 1756 2972; x_wconf 88' lang='lat' dir='ltr'>scissura</span> <span class='ocrx_word' id='word_1_204' title='bbox 1776 2912 1854 2970; x_wconf 87' lang='lat' dir='ltr'>fit.</span> <span class='ocrx_word' id='word_1_205' title='bbox 1906 2911 1949 2944; x_wconf 75' lang='lat'>¹⁷</span> <span class='ocrx_word' id='word_1_206' title='bbox 1965 2929 2155 2989; x_wconf 90' lang='lat' dir='ltr'>neque</span> <span class='ocrx_word' id='word_1_207' title='bbox 2171 2913 2408 2971; x_wconf 89' lang='lat' dir='ltr'>mittunt</span> <span class='ocrx_word' id='word_1_208' title='bbox 2427 2914 2632 2972; x_wconf 89' lang='lat' dir='ltr'>uinum</span> <span class='ocrx_word' id='word_1_209' title='bbox 2653 2931 2877 2973; x_wconf 89' lang='lat' dir='ltr'>nouum</span> <span class='ocrx_word' id='word_1_210' title='bbox 2905 2914 2966 2972; x_wconf 89' lang='lat' dir='ltr'>in</span> <span class='ocrx_word' id='word_1_211' title='bbox 2992 2924 3147 2973; x_wconf 89' lang='lat' dir='ltr'>utres</span> <span class='ocrx_word' id='word_1_212' title='bbox 3173 2923 3400 2973; x_wconf 88' lang='lat' dir='ltr'>ueteres</span> <span class='ocrx_word' id='word_1_213' title='bbox 3428 2911 3691 2990; x_wconf 87' lang='lat' dir='ltr'>alioquin</span> 
     </span>
     <span class='ocr_line' id='line_1_23' title="bbox 678 3006 3690 3084; baseline 0 -20"><span class='ocrx_word' id='word_1_214' title='bbox 678 3015 1024 3084; x_wconf 86' lang='lat' dir='ltr'>rumpentur</span> <span class='ocrx_word' id='word_1_215' title='bbox 1050 3017 1223 3067; x_wconf 89' lang='lat' dir='ltr'>utres.</span> <span class='ocrx_word' id='word_1_216' title='bbox 1284 3015 1343 3065; x_wconf 86' lang='lat' dir='ltr'>et</span> <span class='ocrx_word' id='word_1_217' title='bbox 1376 3006 1582 3065; x_wconf 91' lang='lat' dir='ltr'>uinum</span> <span class='ocrx_word' id='word_1_218' title='bbox 1616 3006 1948 3066; x_wconf 86' lang='lat' dir='ltr'>effundetur</span> <span class='ocrx_word' id='word_1_219' title='bbox 1983 3015 2039 3065; x_wconf 90' lang='lat' dir='ltr'>et</span> <span class='ocrx_word' id='word_1_220' title='bbox 2072 3017 2229 3066; x_wconf 87' lang='lat' dir='ltr'>utres</span> <span class='ocrx_word' id='word_1_221' title='bbox 2266 3015 2533 3083; x_wconf 89' lang='lat' dir='ltr'>pereunt.</span> <span class='ocrx_word' id='word_1_222' title='bbox 2588 3007 2694 3067; x_wconf 88' lang='lat' dir='ltr'>sed</span> <span class='ocrx_word' id='word_1_223' title='bbox 2731 3008 2937 3067; x_wconf 87' lang='lat' dir='ltr'>uinum</span> <span class='ocrx_word' id='word_1_224' title='bbox 2966 3026 3191 3067; x_wconf 89' lang='lat' dir='ltr'>nouum</span> <span class='ocrx_word' id='word_1_225' title='bbox 3219 3009 3278 3066; x_wconf 92' lang='lat' dir='ltr'>in</span> <span class='ocrx_word' id='word_1_226' title='bbox 3312 3017 3468 3068; x_wconf 88' lang='lat' dir='ltr'>utres</span> <span class='ocrx_word' id='word_1_227' title='bbox 3498 3023 3690 3065; x_wconf 86' lang='lat' dir='ltr'>nouos</span> 
     </span>
     <span class='ocr_line' id='line_1_24' title="bbox 679 3099 3689 3179; baseline 0 -21"><span class='ocrx_word' id='word_1_228' title='bbox 679 3100 914 3160; x_wconf 89' lang='lat' dir='ltr'>mittunt</span> <span class='ocrx_word' id='word_1_229' title='bbox 949 3111 1005 3160; x_wconf 92' lang='lat' dir='ltr'>et</span> <span class='ocrx_word' id='word_1_230' title='bbox 1044 3103 1223 3160; x_wconf 91' lang='lat' dir='ltr'>ambo</span> <span class='ocrx_word' id='word_1_231' title='bbox 1255 3112 1694 3160; x_wconf 85' lang='lat' dir='ltr'>conseruantur.</span> <span class='ocrx_word' id='word_1_232' title='bbox 1752 3099 1793 3133; x_wconf 83' lang='lat'>¹⁸</span> <span class='ocrx_word' id='word_1_233' title='bbox 1812 3099 1957 3159; x_wconf 90' lang='lat' dir='ltr'>haec</span> <span class='ocrx_word' id='word_1_234' title='bbox 1988 3099 2088 3159; x_wconf 90' lang='lat' dir='ltr'>illo</span> <span class='ocrx_word' id='word_1_235' title='bbox 2129 3099 2405 3178; x_wconf 88' lang='lat' dir='ltr'>loquente</span> <span class='ocrx_word' id='word_1_236' title='bbox 2443 3101 2519 3159; x_wconf 88' lang='lat' dir='ltr'>ad</span> <span class='ocrx_word' id='word_1_237' title='bbox 2553 3119 2673 3161; x_wconf 80' lang='lat' dir='ltr'>eos,</span> <span class='ocrx_word' id='word_1_238' title='bbox 2730 3119 2868 3161; x_wconf 91' lang='lat' dir='ltr'>ecce</span> <span class='ocrx_word' id='word_1_239' title='bbox 2903 3101 3177 3179; x_wconf 88' lang='lat' dir='ltr'>princeps</span> <span class='ocrx_word' id='word_1_240' title='bbox 3215 3118 3384 3160; x_wconf 80' lang='lat' dir='ltr'>unus,</span> <span class='ocrx_word' id='word_1_241' title='bbox 3442 3100 3689 3159; x_wconf 88' lang='lat' dir='ltr'>ueniens</span> 
     </span>
     <span class='ocr_line' id='line_1_25' title="bbox 679 3192 3689 3274; baseline -0 -19"><span class='ocrx_word' id='word_1_242' title='bbox 679 3195 960 3256; x_wconf 86' lang='lat' dir='ltr'>adorabat</span> <span class='ocrx_word' id='word_1_243' title='bbox 985 3216 1122 3256; x_wconf 91' lang='lat' dir='ltr'>eum</span> <span class='ocrx_word' id='word_1_244' title='bbox 1150 3196 1366 3256; x_wconf 74' lang='lat' dir='ltr'>dicens</span> <span class='ocrx_word' id='word_1_245' title='bbox 1427 3195 1668 3256; x_wconf 90' lang='lat' dir='ltr'>domine</span> <span class='ocrx_word' id='word_1_246' title='bbox 1696 3193 1811 3254; x_wconf 85' lang='lat' dir='ltr'>filia</span> <span class='ocrx_word' id='word_1_247' title='bbox 1837 3213 1972 3255; x_wconf 88' lang='lat' dir='ltr'>mea</span> <span class='ocrx_word' id='word_1_248' title='bbox 1997 3193 2178 3256; x_wconf 91' lang='lat' dir='ltr'>modo</span> <span class='ocrx_word' id='word_1_249' title='bbox 2207 3192 2481 3256; x_wconf 85' lang='lat' dir='ltr'>defuncta</span> <span class='ocrx_word' id='word_1_250' title='bbox 2508 3205 2615 3256; x_wconf 90' lang='lat' dir='ltr'>est.</span> <span class='ocrx_word' id='word_1_251' title='bbox 2673 3196 2778 3256; x_wconf 89' lang='lat' dir='ltr'>sed</span> <span class='ocrx_word' id='word_1_252' title='bbox 2811 3198 2950 3257; x_wconf 87' lang='lat' dir='ltr'>ueni</span> <span class='ocrx_word' id='word_1_253' title='bbox 2988 3196 3206 3274; x_wconf 88' lang='lat' dir='ltr'>inpone</span> <span class='ocrx_word' id='word_1_254' title='bbox 3247 3214 3492 3255; x_wconf 89' lang='lat' dir='ltr'>manum</span> <span class='ocrx_word' id='word_1_255' title='bbox 3524 3205 3689 3254; x_wconf 86' lang='lat' dir='ltr'>tuam</span> 
     </span>
     <span class='ocr_line' id='line_1_26' title="bbox 678 3292 1302 3367; baseline -0.003 -17"><span class='ocrx_word' id='word_1_256' title='bbox 678 3308 853 3367; x_wconf 89' lang='lat' dir='ltr'>super</span> <span class='ocrx_word' id='word_1_257' title='bbox 881 3309 1013 3350; x_wconf 88' lang='lat' dir='ltr'>eam</span> <span class='ocrx_word' id='word_1_258' title='bbox 1041 3301 1099 3350; x_wconf 91' lang='lat' dir='ltr'>et</span> <span class='ocrx_word' id='word_1_259' title='bbox 1126 3292 1302 3352; x_wconf 91' lang='lat' dir='ltr'>uiuet.</span> 
     </span>
    </p>

    <p class='ocr_par' dir='ltr' id='par_1_8' title="bbox 679 3382 3691 3837">
     <span class='ocr_line' id='line_1_27' title="bbox 846 3382 3689 3463; baseline -0 -20"><span class='ocrx_word' id='word_1_260' title='bbox 846 3384 888 3418; x_wconf 85' lang='lat'>¹⁹</span> <span class='ocrx_word' id='word_1_261' title='bbox 905 3395 963 3443; x_wconf 91' lang='lat' dir='ltr'>et</span> <span class='ocrx_word' id='word_1_262' title='bbox 1004 3403 1248 3463; x_wconf 87' lang='lat' dir='ltr'>surgens</span> <span class='ocrx_word' id='word_1_263' title='bbox 1287 3387 1458 3445; x_wconf 81' lang='lat' dir='ltr'>iesus,</span> <span class='ocrx_word' id='word_1_264' title='bbox 1512 3394 1749 3445; x_wconf 87' lang='lat' dir='ltr'>secutus</span> <span class='ocrx_word' id='word_1_265' title='bbox 1789 3396 1877 3443; x_wconf 87' lang='lat' dir='ltr'>est</span> <span class='ocrx_word' id='word_1_266' title='bbox 1916 3401 2052 3442; x_wconf 91' lang='lat' dir='ltr'>eum</span> <span class='ocrx_word' id='word_1_267' title='bbox 2092 3401 2230 3442; x_wconf 90' lang='lat' dir='ltr'>cum</span> <span class='ocrx_word' id='word_1_268' title='bbox 2272 3383 2568 3460; x_wconf 87' lang='lat' dir='ltr'>discipulis</span> <span class='ocrx_word' id='word_1_269' title='bbox 2603 3385 2735 3444; x_wconf 87' lang='lat' dir='ltr'>suis.</span> <span class='ocrx_word' id='word_1_270' title='bbox 2795 3382 2841 3418; x_wconf 79' lang='lat'>&#39;⁰</span> <span class='ocrx_word' id='word_1_271' title='bbox 2859 3393 2919 3444; x_wconf 89' lang='lat' dir='ltr'>et</span> <span class='ocrx_word' id='word_1_272' title='bbox 2949 3403 3089 3445; x_wconf 86' lang='lat' dir='ltr'>ecce</span> <span class='ocrx_word' id='word_1_273' title='bbox 3123 3384 3331 3444; x_wconf 88' lang='lat' dir='ltr'>mulier</span> <span class='ocrx_word' id='word_1_274' title='bbox 3366 3402 3519 3463; x_wconf 84' lang='lat' dir='ltr'>quae</span> <span class='ocrx_word' id='word_1_275' title='bbox 3555 3400 3689 3442; x_wconf 81' lang='lat' dir='ltr'>san-</span> 
     </span>
     <span class='ocr_line' id='line_1_28' title="bbox 679 3477 3688 3556; baseline 0 -19"><span class='ocrx_word' id='word_1_276' title='bbox 679 3479 875 3554; x_wconf 84' lang='lat' dir='ltr'>guinis</span> <span class='ocrx_word' id='word_1_277' title='bbox 910 3478 1132 3538; x_wconf 83' lang='lat' dir='ltr'>fluxum</span> <span class='ocrx_word' id='word_1_278' title='bbox 1165 3480 1507 3556; x_wconf 87' lang='lat' dir='ltr'>patiebatur.</span> <span class='ocrx_word' id='word_1_279' title='bbox 1555 3477 1866 3538; x_wconf 89' lang='lat' dir='ltr'>duodecim</span> <span class='ocrx_word' id='word_1_280' title='bbox 1905 3477 2074 3536; x_wconf 88' lang='lat' dir='ltr'>annis</span> <span class='ocrx_word' id='word_1_281' title='bbox 2113 3477 2402 3537; x_wconf 89' lang='lat' dir='ltr'>accedens</span> <span class='ocrx_word' id='word_1_282' title='bbox 2441 3488 2593 3538; x_wconf 88' lang='lat' dir='ltr'>retro</span> <span class='ocrx_word' id='word_1_283' title='bbox 2632 3479 2818 3555; x_wconf 87' lang='lat' dir='ltr'>tetigit</span> <span class='ocrx_word' id='word_1_284' title='bbox 2857 3479 3145 3539; x_wconf 88' lang='lat' dir='ltr'>fimbriam</span> <span class='ocrx_word' id='word_1_285' title='bbox 3186 3477 3518 3538; x_wconf 89' lang='lat' dir='ltr'>uestimenti</span> <span class='ocrx_word' id='word_1_286' title='bbox 3544 3477 3688 3537; x_wconf 83' lang='lat' dir='ltr'>eius.</span> 
     </span>
     <span class='ocr_line' id='line_1_29' title="bbox 680 3568 3690 3649; baseline -0 -18"><span class='ocrx_word' id='word_1_287' title='bbox 680 3568 724 3604; x_wconf 82' lang='lat'>¹¹</span> <span class='ocrx_word' id='word_1_288' title='bbox 745 3572 976 3632; x_wconf 85' lang='lat' dir='ltr'>dicebat</span> <span class='ocrx_word' id='word_1_289' title='bbox 1009 3574 1166 3632; x_wconf 91' lang='lat' dir='ltr'>enim</span> <span class='ocrx_word' id='word_1_290' title='bbox 1195 3575 1344 3633; x_wconf 86' lang='lat' dir='ltr'>intra</span> <span class='ocrx_word' id='word_1_291' title='bbox 1370 3591 1433 3633; x_wconf 89' lang='lat' dir='ltr'>se</span> <span class='ocrx_word' id='word_1_292' title='bbox 1463 3573 1511 3630; x_wconf 92' lang='lat' dir='ltr'>si</span> <span class='ocrx_word' id='word_1_293' title='bbox 1548 3572 1795 3649; x_wconf 89' lang='lat' dir='ltr'>tetigero</span> <span class='ocrx_word' id='word_1_294' title='bbox 1833 3569 2242 3630; x_wconf 88' lang='lat' dir='ltr'>tantummodo</span> <span class='ocrx_word' id='word_1_295' title='bbox 2279 3571 2699 3631; x_wconf 88' lang='lat' dir='ltr'>uestimentum</span> <span class='ocrx_word' id='word_1_296' title='bbox 2727 3573 2851 3632; x_wconf 90' lang='lat' dir='ltr'>eius</span> <span class='ocrx_word' id='word_1_297' title='bbox 2879 3572 3043 3633; x_wconf 88' lang='lat' dir='ltr'>salua</span> <span class='ocrx_word' id='word_1_298' title='bbox 3069 3591 3188 3632; x_wconf 79' lang='lat' dir='ltr'>ero,</span> <span class='ocrx_word' id='word_1_299' title='bbox 3245 3569 3460 3632; x_wconf 76' lang='lat' dir='ltr'>”iesus</span> <span class='ocrx_word' id='word_1_300' title='bbox 3493 3581 3690 3632; x_wconf 88' lang='lat' dir='ltr'>autem</span> 
     </span>
     <span class='ocr_line' id='line_1_30' title="bbox 683 3664 3691 3728; baseline -0 -2"><span class='ocrx_word' id='word_1_301' title='bbox 683 3684 1004 3727; x_wconf 89' lang='lat' dir='ltr'>conuersus</span> <span class='ocrx_word' id='word_1_302' title='bbox 1030 3676 1088 3727; x_wconf 91' lang='lat' dir='ltr'>et</span> <span class='ocrx_word' id='word_1_303' title='bbox 1115 3668 1322 3728; x_wconf 91' lang='lat' dir='ltr'>uidens</span> <span class='ocrx_word' id='word_1_304' title='bbox 1350 3686 1483 3727; x_wconf 87' lang='lat' dir='ltr'>eam</span> <span class='ocrx_word' id='word_1_305' title='bbox 1510 3667 1670 3726; x_wconf 86' lang='lat' dir='ltr'>dixit.</span> <span class='ocrx_word' id='word_1_306' title='bbox 1726 3676 2001 3726; x_wconf 86' lang='lat' dir='ltr'>constans</span> <span class='ocrx_word' id='word_1_307' title='bbox 2028 3673 2154 3724; x_wconf 86' lang='lat' dir='ltr'>esto</span> <span class='ocrx_word' id='word_1_308' title='bbox 2183 3664 2298 3723; x_wconf 82' lang='lat' dir='ltr'>filia</span> <span class='ocrx_word' id='word_1_309' title='bbox 2325 3664 2473 3725; x_wconf 91' lang='lat' dir='ltr'>fides</span> <span class='ocrx_word' id='word_1_310' title='bbox 2500 3677 2600 3726; x_wconf 87' lang='lat' dir='ltr'>tua</span> <span class='ocrx_word' id='word_1_311' title='bbox 2628 3677 2686 3726; x_wconf 89' lang='lat' dir='ltr'>te</span> <span class='ocrx_word' id='word_1_312' title='bbox 2714 3666 2939 3726; x_wconf 88' lang='lat' dir='ltr'>saluam</span> <span class='ocrx_word' id='word_1_313' title='bbox 2981 3666 3114 3726; x_wconf 88' lang='lat' dir='ltr'>fecit</span> <span class='ocrx_word' id='word_1_314' title='bbox 3143 3675 3201 3727; x_wconf 91' lang='lat' dir='ltr'>et</span> <span class='ocrx_word' id='word_1_315' title='bbox 3229 3666 3393 3726; x_wconf 88' lang='lat' dir='ltr'>salua</span> <span class='ocrx_word' id='word_1_316' title='bbox 3418 3666 3571 3726; x_wconf 83' lang='lat' dir='ltr'>facta</span> <span class='ocrx_word' id='word_1_317' title='bbox 3602 3676 3691 3726; x_wconf 87' lang='lat' dir='ltr'>est</span> 
     </span>
     <span class='ocr_line' id='line_1_31' title="bbox 683 3758 3690 3837; baseline 0 -18"><span class='ocrx_word' id='word_1_318' title='bbox 683 3760 890 3821; x_wconf 89' lang='lat' dir='ltr'>mulier</span> <span class='ocrx_word' id='word_1_319' title='bbox 926 3780 1000 3820; x_wconf 88' lang='lat' dir='ltr'>ex</span> <span class='ocrx_word' id='word_1_320' title='bbox 1043 3761 1140 3821; x_wconf 83' lang='lat' dir='ltr'>illa</span> <span class='ocrx_word' id='word_1_321' title='bbox 1183 3761 1346 3822; x_wconf 87' lang='lat' dir='ltr'>hora.</span> <span class='ocrx_word' id='word_1_322' title='bbox 1402 3761 1446 3797; x_wconf 76' lang='lat'>²⁸</span> <span class='ocrx_word' id='word_1_323' title='bbox 1462 3772 1521 3820; x_wconf 92' lang='lat' dir='ltr'>et</span> <span class='ocrx_word' id='word_1_324' title='bbox 1565 3761 1807 3820; x_wconf 87' lang='lat' dir='ltr'>ueniens</span> <span class='ocrx_word' id='word_1_325' title='bbox 1845 3761 1997 3818; x_wconf 87' lang='lat' dir='ltr'>iesus</span> <span class='ocrx_word' id='word_1_326' title='bbox 2040 3758 2101 3816; x_wconf 89' lang='lat' dir='ltr'>in</span> <span class='ocrx_word' id='word_1_327' title='bbox 2146 3758 2388 3818; x_wconf 89' lang='lat' dir='ltr'>domum</span> <span class='ocrx_word' id='word_1_328' title='bbox 2435 3759 2713 3837; x_wconf 89' lang='lat' dir='ltr'>principis</span> <span class='ocrx_word' id='word_1_329' title='bbox 2757 3761 2967 3820; x_wconf 86' lang='lat' dir='ltr'>uidens</span> <span class='ocrx_word' id='word_1_330' title='bbox 3010 3761 3312 3821; x_wconf 84' lang='lat' dir='ltr'>tubicines.</span> <span class='ocrx_word' id='word_1_331' title='bbox 3355 3770 3415 3820; x_wconf 89' lang='lat' dir='ltr'>et</span> <span class='ocrx_word' id='word_1_332' title='bbox 3458 3763 3690 3820; x_wconf 87' lang='lat' dir='ltr'>turbam</span> 
     </span>
    </p>
   </div>
   <div class='ocr_carea' id='block_1_8' title="bbox 682 3953 2091 5506">
    <p class='ocr_par' dir='ltr' id='par_1_9' title="bbox 682 3953 2084 4407">
     <span class='ocr_line' id='line_1_32' title="bbox 754 3953 2083 4020; baseline -0.001 -15"><span class='ocrx_word' id='word_1_333' title='bbox 754 3953 832 4006; x_wconf 86' lang='lat'>16.</span> <span class='ocrx_word' id='word_1_334' title='bbox 865 3962 1089 4007; x_wconf 66' lang='lat' dir='ltr'>autem:</span> <span class='ocrx_word' id='word_1_335' title='bbox 1145 3956 1278 4006; x_wconf 83' lang='lat' dir='ltr'>enim</span> <span class='ocrx_word' id='word_1_336' title='bbox 1324 3957 1389 4008; x_wconf 88' lang='lat' dir='ltr'>R.</span> <span class='ocrx_word' id='word_1_337' title='bbox 1470 3961 1715 4008; x_wconf 76' lang='lat' dir='ltr'>inmittit</span> <span class='ocrx_word' id='word_1_338' title='bbox 1739 3956 1857 4020; x_wconf 68' lang='lat' dir='ltr'>fare</span> <span class='ocrx_word' id='word_1_339' title='bbox 1899 3970 2083 4017; x_wconf 80' lang='lat' dir='ltr'>omnes,</span> 
     </span>
     <span class='ocr_line' id='line_1_33' title="bbox 685 4030 2084 4097; baseline -0.001 -16"><span class='ocrx_word' id='word_1_340' title='bbox 685 4030 914 4081; x_wconf 77' lang='lat' dir='ltr'>immittit</span> <span class='ocrx_word' id='word_1_341' title='bbox 928 4030 1036 4079; x_wconf 81' lang='lat' dir='ltr'>RZ⁴</span> <span class='ocrx_word' id='word_1_342' title='bbox 1051 4037 1099 4081; x_wconf 79' lang='lat' dir='ltr'>et</span> <span class='ocrx_word' id='word_1_343' title='bbox 1114 4047 1222 4097; x_wconf 70' lang='lat'>1132:</span> <span class='ocrx_word' id='word_1_344' title='bbox 1259 4033 1529 4083; x_wconf 87' lang='lat' dir='ltr'>committit</span> <span class='ocrx_word' id='word_1_345' title='bbox 1547 4034 1676 4095; x_wconf 89' lang='lat' dir='ltr'>(con.</span> <span class='ocrx_word' id='word_1_346' title='bbox 1693 4032 1824 4095; x_wconf 61' lang='lat' dir='ltr'>ZPQ)</span> <span class='ocrx_word' id='word_1_347' title='bbox 1847 4031 2084 4095; x_wconf 79' lang='lat' dir='ltr'>mPLQ3</span> 
     </span>
     <span class='ocr_line' id='line_1_34' title="bbox 682 4107 2083 4175; baseline -0.001 -15"><span class='ocrx_word' id='word_1_348' title='bbox 682 4110 837 4161; x_wconf 72' lang='lat' dir='ltr'>mittit</span> <span class='ocrx_word' id='word_1_349' title='bbox 858 4107 917 4158; x_wconf 83' lang='lat' dir='ltr'>E.</span> <span class='ocrx_word' id='word_1_350' title='bbox 984 4113 1408 4161; x_wconf 69' lang='lat' dir='ltr'>commissuram</span> <span class='ocrx_word' id='word_1_351' title='bbox 1425 4111 1542 4175; x_wconf 79' lang='lat' dir='ltr'>fere</span> <span class='ocrx_word' id='word_1_352' title='bbox 1565 4126 1699 4160; x_wconf 77' lang='lat' dir='ltr'>omn.</span> <span class='ocrx_word' id='word_1_353' title='bbox 1728 4117 1776 4159; x_wconf 79' lang='lat' dir='ltr'>et</span> <span class='ocrx_word' id='word_1_354' title='bbox 1803 4125 1913 4175; x_wconf 63' lang='lat' dir='ltr'>oga:</span> <span class='ocrx_word' id='word_1_355' title='bbox 1948 4125 2083 4159; x_wconf 87' lang='lat' dir='ltr'>com·</span> 
     </span>
     <span class='ocr_line' id='line_1_35' title="bbox 684 4187 2084 4247; baseline -0.001 -10"><span class='ocrx_word' id='word_1_356' title='bbox 684 4187 1066 4247; x_wconf 60' lang='lat' dir='ltr'>misuramEPO,</span> <span class='ocrx_word' id='word_1_357' title='bbox 1095 4188 1450 4238; x_wconf 75' lang='lat' dir='ltr'>conmissumm</span> <span class='ocrx_word' id='word_1_358' title='bbox 1472 4189 1627 4240; x_wconf 89' lang='lat' dir='ltr'><strong>CTV.</strong></span> <span class='ocrx_word' id='word_1_359' title='bbox 1692 4187 1801 4237; x_wconf 90' lang='lat' dir='ltr'>rudi</span> <span class='ocrx_word' id='word_1_360' title='bbox 1825 4187 1888 4237; x_wconf 85' lang='lat' dir='ltr'>Y.</span> <span class='ocrx_word' id='word_1_361' title='bbox 1955 4187 2084 4236; x_wconf 84' lang='lat' dir='ltr'>setus</span> 
     </span>
     <span class='ocr_line' id='line_1_36' title="bbox 684 4264 2080 4324; baseline 0 -10"><span class='ocrx_word' id='word_1_362' title='bbox 684 4265 749 4314; x_wconf 86' lang='lat' dir='ltr'>R.</span> <span class='ocrx_word' id='word_1_363' title='bbox 794 4265 940 4315; x_wconf 86' lang='lat' dir='ltr'>tollet</span> <span class='ocrx_word' id='word_1_364' title='bbox 957 4266 1129 4315; x_wconf 80' lang='grc' dir='ltr'><strong>ΒΗΘ.</strong></span> <span class='ocrx_word' id='word_1_365' title='bbox 1185 4269 1634 4324; x_wconf 75' lang='lat' dir='ltr'>plenitudinem:</span> <span class='ocrx_word' id='word_1_366' title='bbox 1670 4266 2007 4316; x_wconf 84' lang='lat' dir='ltr'>fortitudinem</span> <span class='ocrx_word' id='word_1_367' title='bbox 2021 4264 2080 4314; x_wconf 87' lang='lat' dir='ltr'>E.</span> 
     </span>
     <span class='ocr_line' id='line_1_37' title="bbox 684 4343 1638 4407; baseline 0.001 -14"><span class='ocrx_word' id='word_1_368' title='bbox 684 4359 782 4394; x_wconf 71' lang='lat' dir='ltr'>ont.</span> <span class='ocrx_word' id='word_1_369' title='bbox 804 4350 971 4407; x_wconf 72' lang='lat' dir='ltr'>apost</span> <span class='ocrx_word' id='word_1_370' title='bbox 992 4346 1117 4393; x_wconf 76' lang='lat' dir='ltr'>eius</span> <span class='ocrx_word' id='word_1_371' title='bbox 1140 4343 1199 4393; x_wconf 90' lang='lat' dir='ltr'>C.</span> <span class='ocrx_word' id='word_1_372' title='bbox 1265 4343 1449 4394; x_wconf 84' lang='lat' dir='ltr'>scisura</span> <span class='ocrx_word' id='word_1_373' title='bbox 1472 4343 1638 4394; x_wconf 69' lang='lat' dir='ltr'><strong>EEPR.</strong></span> 
     </span>
    </p>

    <p class='ocr_par' dir='ltr' id='par_1_10' title="bbox 683 4418 2088 4957">
     <span class='ocr_line' id='line_1_38' title="bbox 754 4418 2087 4487; baseline 0 -4"><span class='ocrx_word' id='word_1_374' title='bbox 754 4431 831 4483; x_wconf 80' lang='lat'>1⁷.</span> <span class='ocrx_word' id='word_1_375' title='bbox 866 4420 1066 4471; x_wconf 77' lang='lat' dir='ltr'>mittunt</span> <span class='ocrx_word' id='word_1_376' title='bbox 1111 4419 1343 4487; x_wconf 60' lang='grc' dir='ltr'>ΜΛΝ</span> <span class='ocrx_word' id='word_1_377' title='bbox 1380 4436 1568 4471; x_wconf 80' lang='lat' dir='ltr'>nouum</span> <span class='ocrx_word' id='word_1_378' title='bbox 1612 4423 1663 4471; x_wconf 77' lang='lat' dir='ltr'>in</span> <span class='ocrx_word' id='word_1_379' title='bbox 1713 4429 1844 4471; x_wconf 61' lang='lat' dir='ltr'>utra</span> <span class='ocrx_word' id='word_1_380' title='bbox 1888 4418 2087 4487; x_wconf 62' lang='grc' dir='ltr'>ΝΜ]</span> 
     </span>
     <span class='ocr_line' id='line_1_39' title="bbox 683 4498 2085 4564; baseline -0.002 -14"><span class='ocrx_word' id='word_1_381' title='bbox 683 4508 874 4550; x_wconf 68' lang='lat' dir='ltr'>ueteres</span> <span class='ocrx_word' id='word_1_382' title='bbox 886 4498 932 4548; x_wconf 88' lang='lat' dir='ltr'>E</span> <span class='ocrx_word' id='word_1_383' title='bbox 947 4499 1056 4563; x_wconf 82' lang='lat' dir='ltr'>(scd</span> <span class='ocrx_word' id='word_1_384' title='bbox 1065 4500 1134 4549; x_wconf 85' lang='lat' dir='ltr'>al.</span> <span class='ocrx_word' id='word_1_385' title='bbox 1152 4515 1217 4549; x_wconf 83' lang='lat' dir='ltr'><strong>m.</strong></span> <span class='ocrx_word' id='word_1_386' title='bbox 1234 4500 1345 4549; x_wconf 86' lang='lat' dir='ltr'>add.</span> <span class='ocrx_word' id='word_1_387' title='bbox 1363 4501 1483 4549; x_wconf 60' lang='lat' dir='ltr'>uim-i</span> <span class='ocrx_word' id='word_1_388' title='bbox 1494 4500 1554 4548; x_wconf 85' lang='lat' dir='ltr'>in</span> <span class='ocrx_word' id='word_1_389' title='bbox 1571 4500 1709 4564; x_wconf 64' lang='lat' dir='ltr'><strong>mg).</strong></span> <span class='ocrx_word' id='word_1_390' title='bbox 1757 4514 1852 4550; x_wconf 86' lang='lat' dir='ltr'>om.</span> <span class='ocrx_word' id='word_1_391' title='bbox 1870 4512 2085 4549; x_wconf 82' lang='lat' dir='ltr'>nouum</span> 
     </span>
     <span class='ocr_line' id='line_1_40' title="bbox 686 4577 2071 4643; baseline 0.002 -16"><span class='ocrx_word' id='word_1_392' title='bbox 686 4578 770 4627; x_wconf 88' lang='lat' dir='ltr'>W.</span> <span class='ocrx_word' id='word_1_393' title='bbox 836 4577 1007 4627; x_wconf 82' lang='lat' dir='ltr'>buttes</span> <span class='ocrx_word' id='word_1_394' title='bbox 1037 4584 1217 4642; x_wconf 75' lang='lat' dir='ltr'>quater</span> <span class='ocrx_word' id='word_1_395' title='bbox 1248 4578 1307 4628; x_wconf 92' lang='lat' dir='ltr'>C.</span> <span class='ocrx_word' id='word_1_396' title='bbox 1374 4586 1663 4643; x_wconf 84' lang='lat' dir='ltr'>rumpentur</span> <span class='ocrx_word' id='word_1_397' title='bbox 1693 4577 1798 4627; x_wconf 90' lang='lat' dir='ltr'>LR.</span> <span class='ocrx_word' id='word_1_398' title='bbox 1863 4583 2071 4630; x_wconf 74' lang='lat' dir='ltr'>utres-t·</span> 
     </span>
     <span class='ocr_line' id='line_1_41' title="bbox 684 4654 2087 4719; baseline -0.001 -14"><span class='ocrx_word' id='word_1_399' title='bbox 684 4663 874 4707; x_wconf 81' lang='lat' dir='ltr'>ueteres</span> <span class='ocrx_word' id='word_1_400' title='bbox 910 4655 972 4705; x_wconf 88' lang='lat' dir='ltr'><strong>R.</strong></span> <span class='ocrx_word' id='word_1_401' title='bbox 1056 4654 1329 4705; x_wconf 82' lang='lat' dir='ltr'>effundetur</span> <span class='ocrx_word' id='word_1_402' title='bbox 1363 4655 1804 4718; x_wconf 78' lang='lat' dir='ltr'>DEH⁶(effudetu1</span> <span class='ocrx_word' id='word_1_403' title='bbox 1834 4655 2087 4719; x_wconf 75' lang='lat' dir='ltr'><strong>H*)OLQ</strong></span> 
     </span>
     <span class='ocr_line' id='line_1_42' title="bbox 686 4732 2087 4800; baseline -0.001 -17"><span class='ocrx_word' id='word_1_404' title='bbox 686 4734 814 4797; x_wconf 75' lang='lat' dir='ltr'>(non</span> <span class='ocrx_word' id='word_1_405' title='bbox 854 4733 942 4797; x_wconf 89' lang='lat' dir='ltr'>R).</span> <span class='ocrx_word' id='word_1_406' title='bbox 1023 4738 1267 4792; x_wconf 67' lang='lat' dir='ltr'>meunt</span> <span class='ocrx_word' id='word_1_407' title='bbox 1293 4734 1410 4800; x_wconf 73' lang='lat' dir='ltr'>sen</span> <span class='ocrx_word' id='word_1_408' title='bbox 1451 4750 1644 4784; x_wconf 81' lang='lat' dir='ltr'>omnes:</span> <span class='ocrx_word' id='word_1_409' title='bbox 1695 4735 1891 4799; x_wconf 88' lang='lat' dir='ltr'>periunt</span> <span class='ocrx_word' id='word_1_410' title='bbox 1928 4732 2087 4794; x_wconf 77' lang='lat' dir='ltr'><strong>DH*,</strong></span> 
     </span>
     <span class='ocr_line' id='line_1_43' title="bbox 685 4811 2088 4877; baseline -0.001 -16"><span class='ocrx_word' id='word_1_411' title='bbox 685 4812 920 4877; x_wconf 87' lang='lat' dir='ltr'>peribunt</span> <span class='ocrx_word' id='word_1_412' title='bbox 959 4812 1238 4863; x_wconf 66' lang='lat' dir='ltr'>EHeQLR</span> <span class='ocrx_word' id='word_1_413' title='bbox 1308 4828 1492 4862; x_wconf 88' lang='lat' dir='ltr'>nouom</span> <span class='ocrx_word' id='word_1_414' title='bbox 1533 4813 1624 4863; x_wconf 67' lang='lat'><strong>1⁴:²⁸.</strong></span> <span class='ocrx_word' id='word_1_415' title='bbox 1699 4813 1960 4863; x_wconf 87' lang='lat' dir='ltr'>mittuntur</span> <span class='ocrx_word' id='word_1_416' title='bbox 1990 4811 2088 4873; x_wconf 70' lang='lat' dir='ltr'>M&#39;g</span> 
     </span>
     <span class='ocr_line' id='line_1_44' title="bbox 685 4889 2087 4957; baseline 0.001 -17"><span class='ocrx_word' id='word_1_417' title='bbox 685 4897 877 4957; x_wconf 87' lang='lat' dir='ltr'>ponunt</span> <span class='ocrx_word' id='word_1_418' title='bbox 899 4890 961 4940; x_wconf 90' lang='lat' dir='ltr'>R.</span> <span class='ocrx_word' id='word_1_419' title='bbox 1025 4889 1213 4939; x_wconf 85' lang='lat' dir='ltr'>bambo</span> <span class='ocrx_word' id='word_1_420' title='bbox 1235 4890 1295 4942; x_wconf 90' lang='lat' dir='ltr'>C.</span> <span class='ocrx_word' id='word_1_421' title='bbox 1361 4897 1650 4941; x_wconf 85' lang='lat' dir='ltr'>conseruaut</span> <span class='ocrx_word' id='word_1_422' title='bbox 1671 4890 1743 4940; x_wconf 79' lang='lat' dir='ltr'>L*</span> <span class='ocrx_word' id='word_1_423' title='bbox 1760 4891 1906 4956; x_wconf 82' lang='lat' dir='ltr'>(corr.</span> <span class='ocrx_word' id='word_1_424' title='bbox 1928 4906 1995 4940; x_wconf 82' lang='lat' dir='ltr'><strong>m.</strong></span> <span class='ocrx_word' id='word_1_425' title='bbox 2019 4891 2087 4953; x_wconf 82' lang='lat'>2).</span> 
     </span>
    </p>

    <p class='ocr_par' dir='ltr' id='par_1_11' title="bbox 686 4967 2091 5506">
     <span class='ocr_line' id='line_1_45' title="bbox 761 4967 2086 5033; baseline 0.001 -16"><span class='ocrx_word' id='word_1_426' title='bbox 761 4970 835 5020; x_wconf 87' lang='lat'><strong>18.</strong></span> <span class='ocrx_word' id='word_1_427' title='bbox 870 4972 1011 5019; x_wconf 64' lang='lat' dir='ltr'>haee</span> <span class='ocrx_word' id='word_1_428' title='bbox 1037 4982 1076 5019; x_wconf 79' lang='lat'>÷</span> <span class='ocrx_word' id='word_1_429' title='bbox 1100 4977 1266 5019; x_wconf 82' lang='lat' dir='ltr'>autem</span> <span class='ocrx_word' id='word_1_430' title='bbox 1300 4969 1356 5018; x_wconf 88' lang='grc' dir='ltr'><strong>Μ</strong></span> <span class='ocrx_word' id='word_1_431' title='bbox 1390 4972 1527 5031; x_wconf 75' lang='lat' dir='ltr'>(cum</span> <span class='ocrx_word' id='word_1_432' title='bbox 1552 4985 1728 5033; x_wconf 72' lang='lat' dir='ltr'>graeco</span> <span class='ocrx_word' id='word_1_433' title='bbox 1758 4970 1801 5019; x_wconf 95' lang='lat' dir='ltr'>L</span> <span class='ocrx_word' id='word_1_434' title='bbox 1828 4967 1920 5019; x_wconf 74' lang='lat' dir='ltr'>al.⁸</span> <span class='ocrx_word' id='word_1_435' title='bbox 1947 4968 2086 5033; x_wconf 58' lang='lat' dir='ltr'>cop),</span> 
     </span>
     <span class='ocr_line' id='line_1_46' title="bbox 690 5046 2090 5114; baseline 0 -16"><span class='ocrx_word' id='word_1_436' title='bbox 690 5051 828 5098; x_wconf 86' lang='lat' dir='ltr'>illo:</span> <span class='ocrx_word' id='word_1_437' title='bbox 862 5063 925 5097; x_wconf 88' lang='lat' dir='ltr'>eo</span> <span class='ocrx_word' id='word_1_438' title='bbox 943 5046 1055 5098; x_wconf 91' lang='lat' dir='ltr'>DL.</span> <span class='ocrx_word' id='word_1_439' title='bbox 1122 5063 1215 5098; x_wconf 82' lang='lat' dir='ltr'>om.</span> <span class='ocrx_word' id='word_1_440' title='bbox 1234 5051 1309 5098; x_wconf 72' lang='lat' dir='ltr'>ad</span> <span class='ocrx_word' id='word_1_441' title='bbox 1330 5063 1426 5099; x_wconf 77' lang='lat' dir='ltr'>eos</span> <span class='ocrx_word' id='word_1_442' title='bbox 1444 5047 1513 5097; x_wconf 79' lang='grc' dir='ltr'>Ζ*</span> <span class='ocrx_word' id='word_1_443' title='bbox 1531 5048 1669 5114; x_wconf 84' lang='lat' dir='ltr'>(add.</span> <span class='ocrx_word' id='word_1_444' title='bbox 1688 5048 1766 5113; x_wconf 80' lang='lat'>2²)</span> <span class='ocrx_word' id='word_1_445' title='bbox 1787 5064 1900 5097; x_wconf 79' lang='lat' dir='ltr'>cum</span> <span class='ocrx_word' id='word_1_446' title='bbox 1916 5064 2090 5112; x_wconf 79' lang='lat' dir='ltr'>graeco</span> 
     </span>
     <span class='ocr_line' id='line_1_47' title="bbox 697 5126 2089 5192; baseline 0.001 -17"><span class='ocrx_word' id='word_1_447' title='bbox 697 5140 720 5175; x_wconf 74' lang='grc' dir='ltr'><strong>ι</strong></span> <span class='ocrx_word' id='word_1_448' title='bbox 757 5126 1002 5192; x_wconf 82' lang='lat' dir='ltr'>al.sere¹⁰</span> <span class='ocrx_word' id='word_1_449' title='bbox 1033 5133 1131 5191; x_wconf 81' lang='lat' dir='ltr'>cop.</span> <span class='ocrx_word' id='word_1_450' title='bbox 1165 5127 1280 5176; x_wconf 77' lang='lat' dir='ltr'>Hit.</span> <span class='ocrx_word' id='word_1_451' title='bbox 1365 5142 1478 5177; x_wconf 72' lang='lat' dir='ltr'>oeee</span> <span class='ocrx_word' id='word_1_452' title='bbox 1509 5128 1569 5177; x_wconf 89' lang='lat' dir='ltr'>L.</span> <span class='ocrx_word' id='word_1_453' title='bbox 1651 5142 1834 5177; x_wconf 76' lang='lat' dir='ltr'>unus:</span> <span class='ocrx_word' id='word_1_454' title='bbox 1873 5143 1967 5177; x_wconf 84' lang='lat' dir='ltr'>om.</span> <span class='ocrx_word' id='word_1_455' title='bbox 2005 5128 2089 5187; x_wconf 83' lang='lat' dir='ltr'>D;</span> 
     </span>
     <span class='ocr_line' id='line_1_48' title="bbox 689 5204 2087 5256; baseline 0.001 -1"><span class='ocrx_word' id='word_1_456' title='bbox 689 5220 843 5255; x_wconf 84' lang='lat' dir='ltr'>unum</span> <span class='ocrx_word' id='word_1_457' title='bbox 858 5204 945 5254; x_wconf 64' lang='grc' dir='ltr'>Π.</span> <span class='ocrx_word' id='word_1_458' title='bbox 991 5208 1230 5256; x_wconf 56' lang='lat' dir='ltr'>acessit</span> <span class='ocrx_word' id='word_1_459' title='bbox 1247 5211 1331 5254; x_wconf 79' lang='lat' dir='ltr'>et:</span> <span class='ocrx_word' id='word_1_460' title='bbox 1356 5206 1593 5255; x_wconf 82' lang='lat' dir='ltr'>accedens</span> <span class='ocrx_word' id='word_1_461' title='bbox 1609 5206 1665 5255; x_wconf 95' lang='lat' dir='ltr'>L.</span> <span class='ocrx_word' id='word_1_462' title='bbox 1706 5209 1976 5256; x_wconf 76' lang='lat' dir='ltr'>adorabat</span> <span class='ocrx_word' id='word_1_463' title='bbox 1994 5207 2087 5256; x_wconf 90' lang='lat' dir='ltr'>AC</span> 
     </span>
     <span class='ocr_line' id='line_1_49' title="bbox 690 5282 2091 5348; baseline 0.002 -18"><span class='ocrx_word' id='word_1_464' title='bbox 690 5282 1193 5345; x_wconf 66' lang='grc' dir='ltr'><strong>(Ιιεᾱ.)1)Εῖ·ΡΕΗΘ.Ῑ</strong></span> <span class='ocrx_word' id='word_1_465' title='bbox 1203 5282 1704 5334; x_wconf 68' lang='lat' dir='ltr'><strong>KLMM&#39;vaeYze</strong></span> <span class='ocrx_word' id='word_1_466' title='bbox 1724 5299 1824 5348; x_wconf 65' lang='lat' dir='ltr'>vg:</span> <span class='ocrx_word' id='word_1_467' title='bbox 1860 5283 2091 5334; x_wconf 82' lang='lat' dir='ltr'>adorauit</span> 
     </span>
     <span class='ocr_line' id='line_1_50' title="bbox 691 5361 2090 5422; baseline -0.001 -11"><span class='ocrx_word' id='word_1_468' title='bbox 691 5361 971 5422; x_wconf 74' lang='lat' dir='ltr'><strong>BWX*z*,</strong></span> <span class='ocrx_word' id='word_1_469' title='bbox 986 5361 1214 5413; x_wconf 78' lang='lat' dir='ltr'>adorabit</span> <span class='ocrx_word' id='word_1_470' title='bbox 1231 5361 1291 5412; x_wconf 88' lang='lat' dir='ltr'>T.</span> <span class='ocrx_word' id='word_1_471' title='bbox 1362 5366 1556 5413; x_wconf 76' lang='lat' dir='ltr'>dicem</span> <span class='ocrx_word' id='word_1_472' title='bbox 1570 5375 1606 5413; x_wconf 71' lang='grc' dir='ltr'>-ι-</span> <span class='ocrx_word' id='word_1_473' title='bbox 1622 5362 1822 5412; x_wconf 88' lang='lat' dir='ltr'>domine</span> <span class='ocrx_word' id='word_1_474' title='bbox 1839 5362 2090 5411; x_wconf 78' lang='grc' dir='ltr'>ΒΕΞΡΗΘ</span> 
     </span>
     <span class='ocr_line' id='line_1_51' title="bbox 686 5439 2091 5506; baseline -0.004 -11"><span class='ocrx_word' id='word_1_475' title='bbox 686 5440 1019 5499; x_wconf 70' lang='lat' dir='ltr'>KM&#39;vaz</span> <span class='ocrx_word' id='word_1_476' title='bbox 1040 5455 1120 5505; x_wconf 78' lang='lat' dir='ltr'><strong>vg.</strong></span> <span class='ocrx_word' id='word_1_477' title='bbox 1187 5443 1358 5491; x_wconf 83' lang='lat' dir='ltr'>modo</span> <span class='ocrx_word' id='word_1_478' title='bbox 1381 5457 1475 5492; x_wconf 81' lang='lat' dir='ltr'><strong>om.</strong></span> <span class='ocrx_word' id='word_1_479' title='bbox 1501 5439 1603 5503; x_wconf 57' lang='lat' dir='ltr'>w,</span> <span class='ocrx_word' id='word_1_480' title='bbox 1635 5441 1794 5506; x_wconf 78' lang='lat' dir='ltr'>suppl.</span> <span class='ocrx_word' id='word_1_481' title='bbox 1822 5456 1918 5506; x_wconf 78' lang='lat' dir='ltr'>mg.</span> <span class='ocrx_word' id='word_1_482' title='bbox 1985 5440 2091 5491; x_wconf 82' lang='lat' dir='ltr'>des-</span> 
     </span>
    </p>
   </div>
   <div class='ocr_carea' id='block_1_9' title="bbox 2288 3955 3692 4024">
    <p class='ocr_par' dir='ltr' id='par_1_12' title="bbox 2288 3955 3692 4024">
     <span class='ocr_line' id='line_1_52' title="bbox 2288 3955 3692 4024; baseline 0.003 -20"><span class='ocrx_word' id='word_1_483' title='bbox 2288 3955 2458 4006; x_wconf 83' lang='lat' dir='ltr'>suncta</span> <span class='ocrx_word' id='word_1_484' title='bbox 2492 3958 2560 4018; x_wconf 86' lang='lat' dir='ltr'>D,</span> <span class='ocrx_word' id='word_1_485' title='bbox 2600 3957 2838 4009; x_wconf 78' lang='lat' dir='ltr'>diffuucta</span> <span class='ocrx_word' id='word_1_486' title='bbox 2871 3959 2932 4021; x_wconf 91' lang='lat' dir='ltr'>E,</span> <span class='ocrx_word' id='word_1_487' title='bbox 2972 3959 3171 4009; x_wconf 81' lang='lat' dir='ltr'>desueta</span> <span class='ocrx_word' id='word_1_488' title='bbox 3203 3958 3266 4008; x_wconf 89' lang='lat' dir='ltr'>V.</span> <span class='ocrx_word' id='word_1_489' title='bbox 3334 3962 3546 4016; x_wconf 76' lang='lat' dir='ltr'>inpone</span> <span class='ocrx_word' id='word_1_490' title='bbox 3575 3959 3692 4024; x_wconf 82' lang='lat' dir='ltr'>fere</span> 
     </span>
    </p>
   </div>
   <div class='ocr_carea' id='block_1_10' title="bbox 2285 4035 3690 4104">
    <p class='ocr_par' dir='ltr' id='par_1_13' title="bbox 2285 4035 3690 4104">
     <span class='ocr_line' id='line_1_53' title="bbox 2285 4035 3690 4104; baseline 0.004 -21"><span class='ocrx_word' id='word_1_491' title='bbox 2285 4050 2453 4083; x_wconf 82' lang='lat' dir='ltr'>omnes</span> <span class='ocrx_word' id='word_1_492' title='bbox 2481 4043 2528 4085; x_wconf 82' lang='lat' dir='ltr'>et</span> <span class='ocrx_word' id='word_1_493' title='bbox 2552 4035 2598 4084; x_wconf 90' lang='lat' dir='ltr'>L</span> <span class='ocrx_word' id='word_1_494' title='bbox 2628 4052 2735 4085; x_wconf 79' lang='lat' dir='ltr'>una</span> <span class='ocrx_word' id='word_1_495' title='bbox 2763 4038 2936 4088; x_wconf 82' lang='lat' dir='ltr'>littera</span> <span class='ocrx_word' id='word_1_496' title='bbox 2964 4038 3037 4087; x_wconf 85' lang='lat' dir='ltr'>ad</span> <span class='ocrx_word' id='word_1_497' title='bbox 3044 4039 3151 4104; x_wconf 84' lang='lat' dir='ltr'>fin.</span> <span class='ocrx_word' id='word_1_498' title='bbox 3174 4053 3350 4088; x_wconf 77' lang='lat' dir='ltr'>emsa:</span> <span class='ocrx_word' id='word_1_499' title='bbox 3384 4037 3587 4102; x_wconf 88' lang='lat' dir='ltr'>impone</span> <span class='ocrx_word' id='word_1_500' title='bbox 3609 4037 3690 4088; x_wconf 82' lang='lat' dir='ltr'>BJ</span> 
     </span>
    </p>
   </div>
   <div class='ocr_carea' id='block_1_11' title="bbox 2286 4111 3696 4238">
    <p class='ocr_par' dir='ltr' id='par_1_14' title="bbox 2286 4111 3696 4238">
     <span class='ocr_line' id='line_1_54' title="bbox 2286 4111 3696 4238; baseline 0.002 -77"><span class='ocrx_word' id='word_1_501' title='bbox 2286 4111 2454 4238; x_wconf 50' lang='grc' dir='ltr'>(ἕνα</span> <span class='ocrx_word' id='word_1_502' title='bbox 2470 4128 2547 4178; x_wconf 78' lang='lat' dir='ltr'>vg.</span> <span class='ocrx_word' id='word_1_503' title='bbox 2613 4129 2844 4164; x_wconf 66' lang='lat' dir='ltr'>manum</span> <span class='ocrx_word' id='word_1_504' title='bbox 2857 4130 2894 4167; x_wconf 57' lang='grc' dir='ltr'>ψ</span> <span class='ocrx_word' id='word_1_505' title='bbox 2909 4123 3046 4166; x_wconf 68' lang='lat' dir='ltr'>taam</span> <span class='ocrx_word' id='word_1_506' title='bbox 3068 4115 3407 4179; x_wconf 69' lang='lat' dir='ltr'>BDmLQR</span> <span class='ocrx_word' id='word_1_507' title='bbox 3421 4128 3499 4180; x_wconf 75' lang='lat' dir='ltr'>vg.</span> <span class='ocrx_word' id='word_1_508' title='bbox 3566 4113 3696 4165; x_wconf 75' lang='lat' dir='ltr'>uiuit</span> 
     </span>
    </p>
   </div>
   <div class='ocr_carea' id='block_1_12' title="bbox 2288 4271 3704 5493">
    <p class='ocr_par' dir='ltr' id='par_1_15' title="bbox 2288 4271 3692 4414">
     <span class='ocr_line' id='line_1_55' title="bbox 2358 4271 3692 4338; baseline 0.004 -21"><span class='ocrx_word' id='word_1_509' title='bbox 2358 4282 2435 4332; x_wconf 90' lang='lat'><strong>19.</strong></span> <span class='ocrx_word' id='word_1_510' title='bbox 2469 4275 2529 4319; x_wconf 76' lang='lat' dir='ltr'>et</span> <span class='ocrx_word' id='word_1_511' title='bbox 2557 4285 2827 4329; x_wconf 65' lang='lat' dir='ltr'>sui-tens:</span> <span class='ocrx_word' id='word_1_512' title='bbox 2862 4287 3125 4338; x_wconf 81' lang='lat' dir='ltr'>exsurgens</span> <span class='ocrx_word' id='word_1_513' title='bbox 3153 4271 3258 4335; x_wconf 89' lang='lat' dir='ltr'>DQ</span> <span class='ocrx_word' id='word_1_514' title='bbox 3280 4273 3397 4336; x_wconf 78' lang='lat' dir='ltr'><strong>(om.</strong></span> <span class='ocrx_word' id='word_1_515' title='bbox 3428 4272 3526 4335; x_wconf 73' lang='lat' dir='ltr'>et).</span> <span class='ocrx_word' id='word_1_516' title='bbox 3594 4286 3692 4323; x_wconf 76' lang='lat' dir='ltr'>orn.</span> 
     </span>
     <span class='ocr_line' id='line_1_56' title="bbox 2288 4346 3219 4414; baseline 0.005 -20"><span class='ocrx_word' id='word_1_517' title='bbox 2288 4348 2383 4395; x_wconf 69' lang='lat' dir='ltr'>ihs</span> <span class='ocrx_word' id='word_1_518' title='bbox 2408 4346 2465 4395; x_wconf 89' lang='lat' dir='ltr'>L.</span> <span class='ocrx_word' id='word_1_519' title='bbox 2533 4348 2861 4413; x_wconf 79' lang='lat' dir='ltr'>sequebantur</span> <span class='ocrx_word' id='word_1_520' title='bbox 2880 4356 2988 4414; x_wconf 80' lang='lat' dir='ltr'>sup.</span> <span class='ocrx_word' id='word_1_521' title='bbox 3013 4351 3108 4400; x_wconf 83' lang='lat' dir='ltr'>lin.</span> <span class='ocrx_word' id='word_1_522' title='bbox 3134 4350 3219 4399; x_wconf 60' lang='lat' dir='ltr'>Xe.</span> 
     </span>
    </p>

    <p class='ocr_par' dir='ltr' id='par_1_16' title="bbox 2291 4426 3694 4726">
     <span class='ocr_line' id='line_1_57' title="bbox 2361 4426 3693 4492; baseline 0.004 -19"><span class='ocrx_word' id='word_1_523' title='bbox 2361 4438 2438 4474; x_wconf 67' lang='grc' dir='ltr'>πο.</span> <span class='ocrx_word' id='word_1_524' title='bbox 2472 4430 2532 4475; x_wconf 77' lang='lat' dir='ltr'>et</span> <span class='ocrx_word' id='word_1_525' title='bbox 2551 4441 2645 4475; x_wconf 82' lang='lat' dir='ltr'>om.</span> <span class='ocrx_word' id='word_1_526' title='bbox 2662 4426 2766 4489; x_wconf 52' lang='lat' dir='ltr'>a»,</span> <span class='ocrx_word' id='word_1_527' title='bbox 2788 4428 2949 4492; x_wconf 77' lang='lat' dir='ltr'>suppl.</span> <span class='ocrx_word' id='word_1_528' title='bbox 2968 4443 3063 4492; x_wconf 78' lang='lat' dir='ltr'>mg.</span> <span class='ocrx_word' id='word_1_529' title='bbox 3131 4443 3228 4492; x_wconf 91' lang='lat' dir='ltr'>que</span> <span class='ocrx_word' id='word_1_530' title='bbox 3249 4427 3356 4478; x_wconf 73' lang='grc' dir='ltr'><strong>(ΞΕ.</strong></span> <span class='ocrx_word' id='word_1_531' title='bbox 3429 4434 3484 4484; x_wconf 93' lang='grc'>&gt;</span> <span class='ocrx_word' id='word_1_532' title='bbox 3506 4426 3693 4478; x_wconf 82' lang='lat' dir='ltr'>fluxum</span> 
     </span>
     <span class='ocr_line' id='line_1_58' title="bbox 2294 4500 3693 4570; baseline 0.003 -19"><span class='ocrx_word' id='word_1_533' title='bbox 2294 4500 2529 4566; x_wconf 84' lang='lat' dir='ltr'>(fluxsum</span> <span class='ocrx_word' id='word_1_534' title='bbox 2554 4503 2620 4563; x_wconf 89' lang='lat' dir='ltr'>L)</span> <span class='ocrx_word' id='word_1_535' title='bbox 2643 4505 2895 4568; x_wconf 83' lang='lat' dir='ltr'>sanguinis</span> <span class='ocrx_word' id='word_1_536' title='bbox 2915 4504 3026 4555; x_wconf 91' lang='lat' dir='ltr'><strong>DL.</strong></span> <span class='ocrx_word' id='word_1_537' title='bbox 3095 4505 3403 4570; x_wconf 70' lang='lat' dir='ltr'>patiaebatnr</span> <span class='ocrx_word' id='word_1_538' title='bbox 3425 4505 3484 4555; x_wconf 87' lang='lat' dir='ltr'>E.</span> <span class='ocrx_word' id='word_1_539' title='bbox 3552 4509 3693 4555; x_wconf 78' lang='lat' dir='ltr'>duo·</span> 
     </span>
     <span class='ocr_line' id='line_1_59' title="bbox 2293 4582 3694 4647; baseline 0.003 -18"><span class='ocrx_word' id='word_1_540' title='bbox 2293 4583 2508 4631; x_wconf 77' lang='lat' dir='ltr'>decim:</span> <span class='ocrx_word' id='word_1_541' title='bbox 2544 4592 2631 4630; x_wconf 87' lang='lat' dir='ltr'>xn</span> <span class='ocrx_word' id='word_1_542' title='bbox 2666 4582 2997 4632; x_wconf 67' lang='lat' dir='ltr'><strong>DEH’LRW.</strong></span> <span class='ocrx_word' id='word_1_543' title='bbox 3086 4585 3366 4633; x_wconf 78' lang='lat' dir='ltr'>fimbriam</span> <span class='ocrx_word' id='word_1_544' title='bbox 3401 4582 3694 4647; x_wconf 79' lang='lat' dir='ltr'>(symbriam</span> 
     </span>
     <span class='ocr_line' id='line_1_60' title="bbox 2291 4657 3692 4726; baseline 0.004 -20"><span class='ocrx_word' id='word_1_545' title='bbox 2291 4657 2370 4723; x_wconf 91' lang='lat' dir='ltr'>D)</span> <span class='ocrx_word' id='word_1_546' title='bbox 2387 4659 2841 4724; x_wconf 71' lang='lat' dir='ltr'>uestimentiserc</span> <span class='ocrx_word' id='word_1_547' title='bbox 2855 4676 3052 4714; x_wconf 82' lang='lat' dir='ltr'>omnes:</span> <span class='ocrx_word' id='word_1_548' title='bbox 3086 4660 3429 4711; x_wconf 79' lang='lat' dir='ltr'>uestimentum</span> <span class='ocrx_word' id='word_1_549' title='bbox 3444 4662 3610 4710; x_wconf 72' lang='lat' dir='ltr'>Bcum</span> <span class='ocrx_word' id='word_1_550' title='bbox 3619 4677 3692 4726; x_wconf 51' lang='lat' dir='ltr'><strong>gl.</strong></span> 
     </span>
    </p>

    <p class='ocr_par' dir='ltr' id='par_1_17' title="bbox 2362 4736 3611 4801">
     <span class='ocr_line' id='line_1_61' title="bbox 2362 4736 3611 4801; baseline 0.005 -17"><span class='ocrx_word' id='word_1_551' title='bbox 2362 4748 2439 4784; x_wconf 83' lang='lat'><strong>21.</strong></span> <span class='ocrx_word' id='word_1_552' title='bbox 2473 4736 2670 4801; x_wconf 83' lang='lat' dir='ltr'>titigero</span> <span class='ocrx_word' id='word_1_553' title='bbox 2693 4738 2761 4786; x_wconf 94' lang='lat' dir='ltr'><strong>D.</strong></span> <span class='ocrx_word' id='word_1_554' title='bbox 2827 4739 3121 4788; x_wconf 79' lang='lat' dir='ltr'>uestimenta</span> <span class='ocrx_word' id='word_1_555' title='bbox 3145 4738 3204 4788; x_wconf 89' lang='lat' dir='ltr'>E.</span> <span class='ocrx_word' id='word_1_556' title='bbox 3273 4738 3532 4788; x_wconf 84' lang='lat' dir='ltr'>saluauero</span> <span class='ocrx_word' id='word_1_557' title='bbox 3554 4736 3611 4790; x_wconf 90' lang='lat' dir='ltr'><strong>L.</strong></span> 
     </span>
    </p>

    <p class='ocr_par' dir='ltr' id='par_1_18' title="bbox 2296 4812 3692 4956">
     <span class='ocr_line' id='line_1_62' title="bbox 2362 4812 3692 4866; baseline 0.002 -4"><span class='ocrx_word' id='word_1_558' title='bbox 2362 4827 2438 4863; x_wconf 78' lang='lat'><strong>22.</strong></span> <span class='ocrx_word' id='word_1_559' title='bbox 2475 4814 2541 4863; x_wconf 86' lang='lat' dir='ltr'>ad</span> <span class='ocrx_word' id='word_1_560' title='bbox 2563 4812 2698 4864; x_wconf 65' lang='lat'><strong>1:⁸²0.</strong></span> <span class='ocrx_word' id='word_1_561' title='bbox 2767 4814 2959 4864; x_wconf 79' lang='lat' dir='ltr'>salbam</span> <span class='ocrx_word' id='word_1_562' title='bbox 2980 4853 2994 4866; x_wconf 87' lang='lat'>.</span> <span class='ocrx_word' id='word_1_563' title='bbox 3020 4853 3033 4865; x_wconf 89' lang='lat'>.</span> <span class='ocrx_word' id='word_1_564' title='bbox 3060 4854 3073 4866; x_wconf 97' lang='lat'>.</span> <span class='ocrx_word' id='word_1_565' title='bbox 3096 4815 3238 4865; x_wconf 76' lang='lat' dir='ltr'>salba</span> <span class='ocrx_word' id='word_1_566' title='bbox 3267 4816 3326 4866; x_wconf 91' lang='lat' dir='ltr'>C.</span> <span class='ocrx_word' id='word_1_567' title='bbox 3395 4815 3590 4864; x_wconf 78' lang='lat' dir='ltr'>saluum</span> <span class='ocrx_word' id='word_1_568' title='bbox 3621 4814 3692 4865; x_wconf 71' lang='lat' dir='ltr'>L*</span> 
     </span>
     <span class='ocr_line' id='line_1_63' title="bbox 2296 4890 3484 4956; baseline 0.003 -17"><span class='ocrx_word' id='word_1_569' title='bbox 2296 4891 2443 4956; x_wconf 81' lang='lat' dir='ltr'>(corr.</span> <span class='ocrx_word' id='word_1_570' title='bbox 2466 4890 2568 4955; x_wconf 84' lang='lat' dir='ltr'><strong>L¹).</strong></span> <span class='ocrx_word' id='word_1_571' title='bbox 2643 4898 2700 4949; x_wconf 91' lang='lat'><strong>&gt;</strong></span> <span class='ocrx_word' id='word_1_572' title='bbox 2720 4891 2853 4943; x_wconf 81' lang='lat' dir='ltr'>sacta</span> <span class='ocrx_word' id='word_1_573' title='bbox 2875 4899 2952 4943; x_wconf 83' lang='lat' dir='ltr'>est</span> <span class='ocrx_word' id='word_1_574' title='bbox 2974 4893 3114 4944; x_wconf 80' lang='lat' dir='ltr'>salua</span> <span class='ocrx_word' id='word_1_575' title='bbox 3138 4893 3200 4943; x_wconf 86' lang='lat' dir='ltr'>R.</span> <span class='ocrx_word' id='word_1_576' title='bbox 3268 4909 3357 4942; x_wconf 84' lang='lat' dir='ltr'>ora</span> <span class='ocrx_word' id='word_1_577' title='bbox 3375 4892 3484 4943; x_wconf 90' lang='lat' dir='ltr'>LT.</span> 
     </span>
    </p>

    <p class='ocr_par' dir='ltr' id='par_1_19' title="bbox 2292 4970 3704 5493">
     <span class='ocr_line' id='line_1_64' title="bbox 2359 4970 3703 5038; baseline 0.004 -20"><span class='ocrx_word' id='word_1_578' title='bbox 2359 4983 2437 5032; x_wconf 79' lang='lat'>²3·</span> <span class='ocrx_word' id='word_1_579' title='bbox 2471 4986 2623 5035; x_wconf 90' lang='lat' dir='ltr'>quum</span> <span class='ocrx_word' id='word_1_580' title='bbox 2671 4970 2789 5020; x_wconf 85' lang='grc' dir='ltr'>ΗΘ.</span> <span class='ocrx_word' id='word_1_581' title='bbox 2856 4972 3086 5023; x_wconf 67' lang='lat' dir='ltr'>neniis-et</span> <span class='ocrx_word' id='word_1_582' title='bbox 3129 4971 3195 5022; x_wconf 91' lang='lat' dir='ltr'><strong>D.</strong></span> <span class='ocrx_word' id='word_1_583' title='bbox 3262 4971 3428 5022; x_wconf 77' lang='lat' dir='ltr'>hiesus</span> <span class='ocrx_word' id='word_1_584' title='bbox 3469 4971 3513 5021; x_wconf 92' lang='lat' dir='ltr'>C</span> <span class='ocrx_word' id='word_1_585' title='bbox 3567 4972 3703 5038; x_wconf 75' lang='lat' dir='ltr'>qnod</span> 
     </span>
     <span class='ocr_line' id='line_1_65' title="bbox 2294 5048 3693 5116; baseline 0.004 -20"><span class='ocrx_word' id='word_1_586' title='bbox 2294 5048 2620 5097; x_wconf 78' lang='lat' dir='ltr'>ran&#39;ssimum</span> <span class='ocrx_word' id='word_1_587' title='bbox 2673 5057 2757 5100; x_wconf 84' lang='lat' dir='ltr'>est.</span> <span class='ocrx_word' id='word_1_588' title='bbox 2824 5051 3073 5116; x_wconf 82' lang='lat' dir='ltr'>principes</span> <span class='ocrx_word' id='word_1_589' title='bbox 3106 5050 3184 5111; x_wconf 83' lang='lat' dir='ltr'>R;</span> <span class='ocrx_word' id='word_1_590' title='bbox 3253 5063 3290 5102; x_wconf 80' lang='grc' dir='ltr'>-ι-</span> <span class='ocrx_word' id='word_1_591' title='bbox 3338 5050 3590 5100; x_wconf 84' lang='lat' dir='ltr'>cuiusdam</span> <span class='ocrx_word' id='word_1_592' title='bbox 3632 5051 3693 5101; x_wconf 82' lang='lat' dir='ltr'>E.</span> 
     </span>
     <span class='ocr_line' id='line_1_66' title="bbox 2293 5127 3698 5190; baseline 0.002 -15"><span class='ocrx_word' id='word_1_593' title='bbox 2293 5132 2354 5175; x_wconf 76' lang='lat' dir='ltr'>et</span> <span class='ocrx_word' id='word_1_594' title='bbox 2383 5142 2420 5179; x_wconf 80' lang='grc' dir='ltr'>-ι-</span> <span class='ocrx_word' id='word_1_595' title='bbox 2450 5142 2563 5177; x_wconf 86' lang='lat' dir='ltr'>cum</span> <span class='ocrx_word' id='word_1_596' title='bbox 2585 5127 2649 5179; x_wconf 90' lang='lat' dir='ltr'>R.</span> <span class='ocrx_word' id='word_1_597' title='bbox 2715 5131 2989 5179; x_wconf 71' lang='lat' dir='ltr'>uidi-aet:</span> <span class='ocrx_word' id='word_1_598' title='bbox 3029 5128 3267 5179; x_wconf 86' lang='lat' dir='ltr'>audiisset</span> <span class='ocrx_word' id='word_1_599' title='bbox 3296 5129 3383 5187; x_wconf 89' lang='lat' dir='ltr'>D;</span> <span class='ocrx_word' id='word_1_600' title='bbox 3414 5128 3590 5179; x_wconf 82' lang='lat' dir='ltr'>uidens</span> <span class='ocrx_word' id='word_1_601' title='bbox 3620 5129 3698 5190; x_wconf 84' lang='lat' dir='ltr'>L;</span> 
     </span>
     <span class='ocr_line' id='line_1_67' title="bbox 2307 5204 3693 5272; baseline 0.001 -17"><span class='ocrx_word' id='word_1_602' title='bbox 2307 5218 2346 5255; x_wconf 76' lang='lat' dir='ltr'>-t-</span> <span class='ocrx_word' id='word_1_603' title='bbox 2376 5204 2446 5253; x_wconf 89' lang='lat' dir='ltr'>ibi</span> <span class='ocrx_word' id='word_1_604' title='bbox 2491 5205 2572 5254; x_wconf 85' lang='lat' dir='ltr'>BJ</span> <span class='ocrx_word' id='word_1_605' title='bbox 2608 5211 2656 5255; x_wconf 83' lang='lat' dir='ltr'>et</span> <span class='ocrx_word' id='word_1_606' title='bbox 2690 5204 2787 5257; x_wconf 80' lang='grc' dir='ltr'>Χ*.</span> <span class='ocrx_word' id='word_1_607' title='bbox 2855 5210 3122 5257; x_wconf 75' lang='lat' dir='ltr'>tibicines</span> <span class='ocrx_word' id='word_1_608' title='bbox 3164 5206 3294 5256; x_wconf 85' lang='lat' dir='ltr'>codd.</span> <span class='ocrx_word' id='word_1_609' title='bbox 3330 5206 3474 5270; x_wconf 79' lang='lat' dir='ltr'>plur.</span> <span class='ocrx_word' id='word_1_610' title='bbox 3514 5213 3564 5256; x_wconf 86' lang='lat' dir='ltr'>et</span> <span class='ocrx_word' id='word_1_611' title='bbox 3599 5222 3693 5272; x_wconf 65' lang='lat' dir='ltr'>vg„</span> 
     </span>
     <span class='ocr_line' id='line_1_68' title="bbox 2294 5283 3704 5349; baseline 0.001 -16"><span class='ocrx_word' id='word_1_612' title='bbox 2294 5283 2546 5334; x_wconf 83' lang='lat' dir='ltr'>tibiscines</span> <span class='ocrx_word' id='word_1_613' title='bbox 2567 5284 2634 5332; x_wconf 89' lang='lat' dir='ltr'>W</span> <span class='ocrx_word' id='word_1_614' title='bbox 2656 5301 2668 5335; x_wconf 91' lang='lat'>:</span> <span class='ocrx_word' id='word_1_615' title='bbox 2702 5285 2946 5336; x_wconf 84' lang='lat' dir='ltr'>tubicines</span> <span class='ocrx_word' id='word_1_616' title='bbox 2967 5285 3147 5335; x_wconf 85' lang='lat' dir='ltr'><strong>CDEJ</strong></span> <span class='ocrx_word' id='word_1_617' title='bbox 3150 5285 3213 5345; x_wconf 88' lang='lat' dir='ltr'>T,</span> <span class='ocrx_word' id='word_1_618' title='bbox 3237 5284 3478 5334; x_wconf 80' lang='lat' dir='ltr'>tuuicines</span> <span class='ocrx_word' id='word_1_619' title='bbox 3499 5284 3575 5334; x_wconf 74' lang='lat' dir='ltr'>R*</span> <span class='ocrx_word' id='word_1_620' title='bbox 3595 5285 3704 5349; x_wconf 75' lang='lat' dir='ltr'>(sed</span> 
     </span>
     <span class='ocr_line' id='line_1_69' title="bbox 2292 5362 3699 5428; baseline 0.004 -19"><span class='ocrx_word' id='word_1_621' title='bbox 2292 5369 2535 5427; x_wconf 80' lang='lat' dir='ltr'>superscr.</span> <span class='ocrx_word' id='word_1_622' title='bbox 2557 5362 2593 5411; x_wconf 93' lang='lat' dir='ltr'>b</span> <span class='ocrx_word' id='word_1_623' title='bbox 2613 5378 2738 5414; x_wconf 84' lang='lat' dir='ltr'>corr.</span> <span class='ocrx_word' id='word_1_624' title='bbox 2762 5365 2914 5428; x_wconf 55' lang='lat' dir='ltr'>sam).</span> <span class='ocrx_word' id='word_1_625' title='bbox 2979 5379 3075 5413; x_wconf 83' lang='lat' dir='ltr'>om.</span> <span class='ocrx_word' id='word_1_626' title='bbox 3098 5368 3157 5412; x_wconf 76' lang='lat' dir='ltr'>et</span> <span class='ocrx_word' id='word_1_627' title='bbox 3176 5363 3213 5412; x_wconf 84' lang='lat' dir='ltr'><strong>J</strong></span> <span class='ocrx_word' id='word_1_628' title='bbox 3218 5363 3281 5411; x_wconf 87' lang='lat' dir='ltr'>Y.</span> <span class='ocrx_word' id='word_1_629' title='bbox 3348 5377 3442 5413; x_wconf 84' lang='lat' dir='ltr'>om.</span> <span class='ocrx_word' id='word_1_630' title='bbox 3472 5366 3699 5414; x_wconf 63' lang='lat' dir='ltr'>turbam</span> 
     </span>
     <span class='ocr_line' id='line_1_70' title="bbox 2296 5440 3479 5493; baseline 0.001 -4"><span class='ocrx_word' id='word_1_631' title='bbox 2296 5440 2359 5490; x_wconf 83' lang='lat' dir='ltr'>Y.</span> <span class='ocrx_word' id='word_1_632' title='bbox 2428 5447 2538 5491; x_wconf 77' lang='lat' dir='ltr'>tur.</span> <span class='ocrx_word' id='word_1_633' title='bbox 2554 5455 2592 5493; x_wconf 70' lang='lat' dir='ltr'>-l-</span> <span class='ocrx_word' id='word_1_634' title='bbox 2608 5441 2818 5492; x_wconf 81' lang='lat' dir='ltr'>multam</span> <span class='ocrx_word' id='word_1_635' title='bbox 2839 5442 2904 5492; x_wconf 91' lang='lat' dir='ltr'>T.</span> <span class='ocrx_word' id='word_1_636' title='bbox 2969 5449 3025 5492; x_wconf 90' lang='lat' dir='ltr'>tu</span> <span class='ocrx_word' id='word_1_637' title='bbox 3046 5440 3206 5491; x_wconf 88' lang='lat' dir='ltr'>multu</span> <span class='ocrx_word' id='word_1_638' title='bbox 3233 5447 3399 5490; x_wconf 81' lang='lat' dir='ltr'>antem</span> <span class='ocrx_word' id='word_1_639' title='bbox 3421 5440 3479 5491; x_wconf 92' lang='lat' dir='ltr'>L.</span> 
     </span>
    </p>
   </div>
   <div class='ocr_carea' id='block_1_13' title="bbox 3199 5538 3244 5588">
    <p class='ocr_par' dir='ltr' id='par_1_20' title="bbox 3199 5538 3244 5588">
     <span class='ocr_line' id='line_1_71' title="bbox 3199 5538 3244 5588; baseline 0 0"><span class='ocrx_word' id='word_1_640' title='bbox 3199 5538 3244 5588; x_wconf 94' lang='lat' dir='ltr'><strong>L</strong></span> 
     </span>
    </p>
   </div>
  </div>
 </body>
</html>
