4717 6400
830 684 954 751 282
1775 685 2231 749 CAPITULA
2283 686 2405 748 IN
2442 684 3083 747 EUANGELIUM

1154 856 1360 906 AHVY
1372 857 1531 907 Harl.
1555 865 1697 921 2797.

828 1139 1086 1200 XXVII.
1131 1137 1566 1198 Discumbentis
1593 1136 1817 1198 domini
1847 1137 2028 1214 pedes

907 1233 1115 1293 mulier
1156 1232 1409 1293 lacrimis
1449 1233 1598 1309 rigat
1637 1242 1698 1291 et
1737 1232 2027 1310 pharisaei
2123 1234 2130 1241 '

909 1329 1185 1407 cogitatio
1202 1327 1481 1404 parabola
1500 1327 1750 1387 duorum
1772 1327 2029 1404 arguitur

908 1423 1252 1483 debitorum.

827 1702 1116 1765 XXVIII.
1171 1701 1611 1779 Euangelizanti
1666 1703 1911 1763 domino
1970 1712 2029 1761 et

909 1797 1204 1875 discipulis
1267 1797 1393 1856 eius
1454 1796 1726 1857 mulieres
1780 1796 1854 1856 de
1909 1796 2027 1854 suis

906 1894 1175 1953 dicuntur
1245 1891 1610 1951 facultatibus
1670 1891 2026 1950 ministrasse

911 1987 1247 2065 parabolam
1268 2003 1506 2064 quoque
1524 1985 1860 2045 seminantis
1877 1984 2025 2044 fruc-

907 2092 1189 2159 tuumque
1216 2080 1496 2158 proponit
1524 2090 1699 2157 atque
1727 2079 1984 2156 exponit.

829 2460 1053 2520 XXIX.
1099 2460 1430 2520 Lucernam
1459 2460 1571 2519 sub
1597 2475 1739 2518 uase
1768 2476 1890 2517 non
1920 2474 2027 2534 po-

911 2554 1166 2614 nendam
1199 2564 1256 2612 et
1290 2571 1395 2612 eos
1427 2561 1674 2612 matrem
1711 2550 2028 2629 fratresque

909 2647 1210 2707 uocandos
1265 2648 1345 2708 ait
1398 2648 1500 2725 qui
1553 2645 1734 2723 patris
1789 2643 2029 2705 fecerint

911 2741 1288 2801 uoluntatem.

831 2928 1023 2987 XXX.
1067 2929 1140 2987 In
1195 2929 1334 2988 naui
1392 2928 1690 2988 dormiens
1747 2929 2029 2988 excitatur

911 3043 948 3083 a
1003 3023 1456 3101 periclitantibus
1511 3030 1570 3083 et
1623 3031 2027 3100 tempestatem

910 3118 1088 3177 maris
1127 3119 1308 3178 uerbo
1349 3117 1685 3194 compescit.

830 3307 1057 3367 XXXI.
1102 3307 1427 3367 Hominem
1469 3324 1507 3366 a
1548 3306 1907 3367 daemonum
1949 3305 2029 3364 le-

911 3403 1091 3479 gione
1131 3402 1353 3461 curauit
1392 3417 1544 3480 quos
1585 3402 1647 3461 in
1690 3418 1905 3478 porcos
1949 3400 2029 3459 ire

913 3496 1217 3555 concessit.

899 3849 1120 3900 XXVII.
1155 3848 1296 3915 pedis
1319 3848 1392 3898 H.

897 3914 1147 3966 XXVIII.
1182 3930 1276 3964 om.
1299 3920 1471 3973 atque
1491 3917 1727 3973 exponit
1747 3915 1812 3966 V.

898 3981 1095 4031 XXXI.
1127 3979 1413 4030 demonium
1438 3979 1508 4029 H.
1576 3980 1798 4046 legiones
1818 3981 1975 4032 Harl.

2492 854 2650 918 ατ).

2215 1136 2430 1196 Mulier
2456 1136 2749 1213 peccatrix
2777 1135 3028 1194 lacrimis

2291 1229 2472 1308 pedes
2498 1230 2602 1305 xpi
2621 1229 2783 1288 lauat
2801 1239 2860 1288 et
2879 1228 3029 1286 hun-

2293 1335 2436 1401 guet
2463 1334 2697 1401 propter
2718 1341 2898 1401 quam
2926 1341 3028 1400 pa-

2293 1418 2555 1477 rabulam
2597 1418 2807 1478 dicitur
2844 1417 3027 1477 credi-

2293 1513 2434 1572 toris
2487 1513 2590 1590 qui
2658 1530 2865 1589 pamm
2933 1511 3028 1571 uel

2292 1606 2542 1666 multum
2571 1607 2856 1667 concedit.

2213 1702 2286 1761 In
2322 1703 2523 1761 itinere
2558 1702 2933 1779 sequentibus
2966 1719 3029 1759 se

2291 1796 2478 1856 turbis
2553 1806 2611 1855 et
2691 1795 3030 1855 mulieribus

2293 1909 2448 1968 quae
2485 1900 2719 1951 curatae
2755 1901 2919 1949 erant
2957 1889 3030 1949 si-

2291 1985 2680 2044 militudinem
2704 1984 3030 2044 saeminan-

2293 2079 2367 2138 tis
2410 2079 2547 2139 dicit
2589 2081 2751 2138 cuius
2791 2096 3030 2138 saemen

2293 2174 2355 2231 in
2404 2174 2628 2233 bonam
2678 2184 2888 2232 terram
2936 2175 3031 2234 uel

2294 2277 2591 2345 petrosam
2618 2267 2879 2327 caecidit.

2132 2460 2292 2517 VII.
2330 2459 2710 2517 Lucernam
2736 2474 2876 2517 non
2902 2462 3031 2517 sub

2294 2568 2459 2611 uase
2492 2557 2616 2612 sed
2642 2568 2849 2623 super
2876 2569 3033 2612 oan-

2295 2648 2652 2706 delabrum
2677 2649 2862 2718 poni.

2219 2738 2473 2799 Matrem
2517 2751 2576 2799 et
2618 2739 2822 2800 fratres
2865 2758 3033 2817 repu-

2298 2834 2435 2892 diat.

2218 2926 2525 3004 Nauigans
2572 2937 2708 3005 post
2757 2944 3032 2986 somnum

2296 3031 2703 3100 tempestatem
2731 3022 2910 3081 sedat.

2219 3304 2544 3366 Hominem
2567 3325 2603 3366 a
2623 3306 3032 3367 maledictione

2297 3399 2521 3460 liberat.

2201 3853 2294 3903 v1.
2339 3851 2581 3917 parabola
2629 3852 2809 3902 dicitur
2863 3852 3031 3901 lem.

2136 3919 2267 3969 cred.
2308 3920 2390 3968 cui
2466 3957 2478 3969 .
2519 3918 2602 3967 uel
2646 3933 2710 3967 m.
2752 3917 3037 3968 conceditur

2144 3985 2318 4034 Thom.
2336 3987 2408 4044 (sc
2457 3985 2604 4034 Alex.
2626 3997 2686 4033 10
2702 3991 2750 4034 et
2774 3985 2889 4035 Uat.
2905 3997 3029 4046 42²¹

2135 4049 2403 4108 concedit).
2461 4056 2660 4114 petrosa
2676 4050 2744 4100 al.
2758 4056 2837 4113 ap.
2862 4049 3032 4099 Thone.

2143 4117 2313 4167 Thom.
2339 4115 2437 4165 inc.
2455 4132 2492 4163 c.
2515 4115 2582 4164 vii
2603 4116 2832 4165 adlati-i
2852 4117 3036 4165 finum

2134 4189 2219 4231 etc.
2287 4181 2382 4230 sub
2412 4197 2501 4230 nas
2531 4180 2700 4230 Thom.
2769 4184 3035 4231 maledic·

2136 4251 2325 4296 tione:
2375 4246 2395 4295 l
2463 4247 2573 4296 'one
2615 4247 2666 4295 T
2657 4246 2816 4306 hortm
2862 4253 2911 4296 et
2941 4262 3034 4298 om.

2135 4315 2343 4363 liberat
2364 4314 2414 4361 A
2459 4329 2512 4361 x.
2541 4325 2615 4361 10.

3132 852 3579 917 BOJ(breues)ox
3588 855 3712 903 Par.
3722 854 3837 903 Lat.
3851 853 4028 917 10438.

3129 1133 3334 1193 mulier
3404 1136 3697 1212 peccatrix
3774 1135 4026 1196 lacrimis

3211 1228 3393 1305 pedes
3421 1229 3523 1305 xpi
3551 1228 3711 1288 labat

3133 1709 3194 1767 in
3249 1709 3450 1768 itinere
3521 1710 3898 1787 sequentibus
3967 1728 4030 1770 se

3213 1803 3353 1863 uiris
3385 1822 3454 1863 ac
3488 1804 3825 1864 mulieribus
3860 1823 4030 1882 para-

3216 1896 3414 1957 bolam
3444 1899 3784 1958 seminantis
3812 1899 3949 1958 dicit

3135 2459 3208 2520 de
3275 2461 3512 2521 lucerna
3576 2479 3751 2540 super
3815 2448 4028 2520 cande·

3215 2554 3445 2614 labrum

3137 2932 3425 3008 nauigans
3479 2939 3887 3008 tempestatem
3943 2948 4033 2988 se-

3219 3025 3318 3085 dat

3137 3309 3210 3368 de
3238 3309 3323 3367 eis
3350 3308 3451 3385 qui
3474 3308 3720 3366 uerbum
3737 3308 3798 3365 di
3819 3308 4038 3367 faciunt

3137 3402 3209 3462 de
3238 3403 3473 3478 legione
3501 3401 3952 3461 daemoniorum
3973 3403 4032 3459 in

3218 3513 3448 3573 porcos.

3205 3853 3295 3903 VI.
3337 3853 3536 3908 >labit
3557 3850 3709 3917 pedes
3731 3851 3901 3901 christi
3922 3857 4035 3909 (om.

3136 3919 3409 3982 lacrimis)
3436 3920 3491 3966 B.
3559 3920 3701 3968 dicit
3731 3930 3768 3967 ÷
3796 3925 3954 3967 mater
3985 3925 4037 3966 et

3137 3985 3307 4035 fratres
3345 3991 3583 4034 uenerunt
3616 3984 3673 4034 J.
3740 3983 3837 4031 inc.
3873 3983 3940 4031 vii
3973 3982 4043 4031 ad

3137 4054 3207 4099 de
3233 4055 3464 4100 lucerna
3488 4049 3664 4099 ΒΘῦΟ
3689 4048 3861 4098 Thom.
3884 4056 3931 4097 et
3948 4056 4035 4113 po·

3137 4123 3273 4164 nunt
3316 4120 3590 4173 nauigans
3627 4121 3670 4164 t.
3706 4130 3749 4163 s.
3794 4119 3933 4173 (ψει
3976 4113 4038 4163 de

3136 4180 3153 4229 1
3223 4181 3333 4231 ‘one
3353 4182 3414 4243 J)
3438 4187 3554 4229 ante
3576 4184 3646 4230 de
3667 4183 3899 4228 lucerna
3925 4194 3969 4228 s.
3991 4194 4035 4228 o.

3194 4264 3212 4280 ··
3227 4248 3264 4296 J
3278 4248 3449 4297 Thone.
3494 4246 3640 4294 uan'e
3657 4245 3776 4308 legit
3787 4247 3910 4293 Par.
3926 4246 4036 4292 Lat.

3144 4314 3301 4375 10438
3333 4313 3395 4361 de
3424 4326 3485 4361 eo
3515 4310 3648 4375 quod
3671 4311 3871 4360 lucerna
3891 4325 4039 4375 snpra

3138 4377 3487 4427 candelabrum
3543 4377 3667 4440 poni
3714 4376 3907 4425 debeat.
3975 4376 4037 4425 de

3138 4442 3370 4493 fratribus
3391 4448 3442 4492 et
3463 4450 3619 4491 matre
3639 4441 3705 4490 ad
3722 4440 3827 4491 ihm
3843 4441 4038 4490 uenien-

3139 4508 3278 4557 tium.
3346 4509 3409 4557 de
3446 4508 3518 4556 eis
3564 4508 3647 4572 qui
3687 4508 3923 4556 nerbuum
3959 4506 4039 4556 dei

3140 4574 3347 4624 audiunt
3375 4581 3426 4623 et
3454 4573 3653 4623 faciunt.
3722 4574 3786 4621 de
3814 4587 3875 4622 eo
3905 4572 4041 4637 quod

3140 4641 3824 4768 234232'533212123‘302.
3854 4638 4040 4754 ffi-

3247 4742 3259 4755 .
3495 4741 3506 4752 .
3903 4738 3919 4764 ,

3140 4771 3325 4821 minem
3344 4771 3602 4821 liberatum
3609 4776 3708 4834 pro
3721 4773 3848 4828 inp.
3867 4769 4035 4833 10438.
