4717 6400
870 699 958 766 34
1811 675 2266 740 CAPITULA
2319 677 2436 740 IN
2473 673 2653 737 EUA
2664 673 3112 739 NGELJUM

1365 848 1581 902 Auvv.
2589 845 2652 896 C.
3266 839 3505 891 BHoJT
3524 855 3643 891 aur.
3666 840 3823 891 Harl.
3848 849 3992 906 2797.

871 940 1154 1002 LXVIII.
1214 941 1568 1003 Praedicens
1636 958 1700 1001 se
1761 956 2072 1019 passurum
2174 942 2327 1000 xx.
2371 943 2473 998 De
2514 939 2759 1010 primis
2789 936 3075 996 nonini-
3180 933 3313 991 XX.
3355 931 3450 991 De
3488 933 3692 1010 primis
3721 932 4082 992 nouissimos

952 1036 1122 1097 matri
1190 1036 1441 1097 filiorum
1511 1034 1786 1095 zebedaei
1854 1033 2072 1112 petenti
2334 1049 2482 1093 mos
2507 1033 2679 1093 flori.
3259 1025 3498 1086 futuros.

952 1131 1178 1208 negatis
1219 1130 1473 1202 sedibus,
1504 1131 1584 1190 ait
1611 1129 1909 1189 uolentem
1950 1128 2072 1187 fieri
2273 1127 2309 1186 i.
2352 1126 2707 1187 Parabulam
2777 1123 3074 1202 hoperari·
3178 1119 3527 1179 Parabolam
3577 1121 3976 1198 operariorum
4017 1120 4078 1179 in

952 1225 1208 1302 primum
1263 1225 1476 1286 debere
1531 1223 1725 1302 potius
1768 1240 1897 1282 esse
1953 1238 2074 1281 ser·
2420 1238 2591 1281 orum
2606 1220 2668 1278 in
2683 1220 2920 1278 uineam
2931 1236 3073 1278 con·
3258 1215 3494 1273 uineam
3521 1213 3959 1273 conductorum.

953 1337 1116 1379 uum.
2420 1315 2746 1374 ductorum.
3178 1306 3272 1367 De
3304 1308 3584 1386 petitione
3620 1307 3869 1368 filiorum
3906 1308 4079 1367 zebe-

874 1411 1095 1473 LXIX.
1136 1412 1289 1472 Item
1329 1411 1425 1471 alii
1453 1410 1571 1472 duo
1613 1410 1774 1471 caeci
1802 1407 2074 1470 sedentes
2263 1410 2319 1468 ii.
2362 1408 2456 1468 De
2485 1408 2615 1468 filiis
2643 1406 2883 1467 zebedei
2900 1405 2978 1465 Et
3000 1404 3074 1465 de
3259 1400 3352 1461 dei
3381 1410 3440 1460 et
3475 1401 3550 1461 de
3591 1403 3860 1461 accubitu
3887 1403 4079 1479 primo

955 1524 1124 1567 secus
1160 1506 1318 1566 uiam
1358 1505 1681 1565 inluminati
1723 1503 1903 1565 secuti
1941 1511 2076 1561 sunt
2420 1502 2625 1580 primis
2644 1501 2923 1561 accubitis
2944 1519 3072 1560 cae·
3258 1513 3493 1555 caenae.

956 1618 1111 1661 eum.
2422 1615 2550 1656 nae.
3179 1589 3272 1649 De
3289 1590 3519 1649 duobus
3534 1590 3726 1649 caecis
3744 1607 3911 1650 secus
3919 1589 4078 1648 uiam

1012 1696 1019 1701 ’
2220 1692 2313 1750 iiii.
2353 1691 2450 1751 De
2478 1691 2709 1752 duobus
2749 1689 2941 1750 caecis
2983 1706 3077 1749 se·
3261 1684 3487 1743 curatis.

2421 1802 2527 1844 cus
2543 1785 2702 1843 uiam
2723 1783 3074 1844 sedentibus,

873 1881 1061 1942 LXX.
1105 1879 1445 1942 Secundum
1521 1881 1865 1958 scripturam
1939 1896 2074 1955 pro·
2176 1884 2372 1941 m.
2399 1884 2502 1941 De
2520 1881 2762 1940 hasim
2786 1884 2859 1939 et
2881 1880 3079 1951 punc
3181 1871 3348 1931 XXI.
3411 1871 3504 1931 De
3559 1872 3722 1931 asina
3791 1881 3849 1930 et
3918 1868 4080 1947 pull'o

952 1974 1182 2054 phetiae
1210 1974 1358 2035 sedit
1395 1992 1571 2052 super
1611 1973 1810 2033 asinae
1850 1971 2075 2049 pullum
2338 1976 2510 2035 eius.
3262 1968 3401 2025 eius,

953 2078 1013 2130 et
1069 2070 1362 2147 ingressus
1417 2068 1701 2146 templum
1748 2066 1880 2126 eicit
1931 2084 2075 2125 uen-
2275 2071 2310 2128 i.
2355 2069 2450 2128 De
2478 2067 2618 2127 hubi
2657 2065 3077 2126 nummularios

955 2164 1196 2236 dentes;
1237 2162 1338 2221 ubi
1368 2173 1537 2222 sanat
1579 2180 1790 2222 caecos
1828 2171 1888 2220 et
1915 2160 2076 2219 clau·
2424 2162 2557 2222 eicit
2585 2162 2656 2222 de
2683 2161 2917 2238 templo.

956 2259 1066 2318 dos
1121 2257 1507 2317 clamantibus
1553 2254 1813 2333 paruulis
1853 2272 2078 2314 osanna
2269 2257 2324 2316 ii.
2369 2256 2775 2316 Clamantibus
2885 2254 3077 2332 pueris

954 2352 1077 2412 filio
1121 2351 1315 2411 dauid.
2426 2349 2688 2410 Osanna·

874 2443 1093 2505 LXXI.
1135 2443 1409 2504 Aresacta
1451 2443 1695 2504 ficulnea
1742 2444 1926 2502 uerbo
1967 2442 2076 2500 mi-
2240 2446 2315 2504 iii.
2356 2444 2451 2503 De
2514 2445 2627 2503 ficu
2688 2462 2804 2522 que
2872 2441 3075 2502 harida
3179 2447 3271 2507 De
3299 2447 3412 2508 ficu
3443 2445 3714 2506 arefacta.

957 2541 1219 2599 rantibus
1261 2539 1402 2598 dicit
1436 2538 1636 2599 omnia
1676 2556 1828 2616 quae
1873 2546 2077 2614 petunt
2420 2537 2575 2598 facta
2599 2547 2703 2598 est.
3179 2543 3572 2618 Interrogatus
3620 2541 3681 2599 in
3729 2557 3847 2617 qua
3887 2549 4079 2617 potes-

955 2634 1262 2694 credentes
1290 2633 1570 2709 accipere.
2218 2632 2312 2692 iiii.
2336 2632 2738 2710 Interrogatur
2757 2631 2819 2690 in
2834 2649 2953 2709 qua
2968 2649 3075 2708 po·
3261 2646 3377 2695 tate
3432 2635 3579 2694 baec
3629 2632 3860 2704 faceret,
3909 2632 4079 2691 inter-

874 2727 1127 2787 LXXII.
1171 2728 1602 2803 Interrogantes
1630 2724 1690 2784 in
1732 2743 1851 2804 qua
1883 2732 2076 2803 potes·
2424 2735 2628 2785 testate
2656 2725 2805 2786 haec
2832 2724 3056 2784 faceret.
3261 2740 3429 2808 rogat
3484 2729 3556 2788 de
3613 2728 3881 2788 iohannis
3936 2727 4081 2803 bap-

955 2831 1072 2882 tate
1126 2822 1273 2880 mira
1327 2828 1577 2898 patraret
1646 2820 1719 2879 de
1781 2819 2075 2897 baptismo
2260 2839 2312 2878 v.
2354 2821 2492 2897 Ipse
2522 2820 2842 2898 interrogat
2879 2818 2951 2879 de
2981 2818 3077 2878 Io·
3261 2825 3485 2884 tismate
3519 2823 3880 2899 subiungens
3913 2839 4080 2897 para·

954 2915 1226 2977 iohannis
1266 2915 1597 2991 interrogat,
1627 2914 1879 2992 iungens
1909 2931 2076 2990 para·
2424 2914 2634 2973 hannis
2662 2915 3029 2974 babtismate.
3262 2918 3462 2977 bolam
3518 2917 3774 2978 duorum
3831 2915 4079 2974 filiorum

954 3011 1152 3070 bolam
1191 3009 1370 3087 patris
1398 3009 1458 3067 in
1486 3009 1721 3067 uineam
1755 3008 1905 3068 filios
1945 3007 2074 3065 mit·
2238 3008 2306 3065 vi.
2349 3008 2428 3067 Et
2483 3009 2843 3086 subiungens
2909 3026 3076 3086 para·
3261 3013 3322 3071 in
3350 3014 3581 3071 uineam
3612 3011 3940 3070 missorum.

953 3104 1146 3175 tentis,
1188 3102 1549 3163 concludens
1591 3102 1651 3160 in
1693 3118 1941 3178 regnum
1982 3100 2075 3159 dei
2423 3102 2621 3162 bolam
2676 3102 2930 3163 hominis
2977 3103 3077 3178 qui

954 3196 1287 3259 sacerdotes
1327 3216 1364 3256 a
1403 3196 1801 3256 meretricibus
1841 3211 2075 3273 praece·
2423 3198 2574 3257 filios
2593 3198 2742 3257 duos
2764 3199 2824 3256 in
2841 3198 3078 3257 uineam

955 3292 1197 3351 dendoS.
2423 3292 2610 3350 mittit.

2218 3385 2306 3443 vii.
2351 3386 2427 3444 Et
2471 3385 2631 3463 quod
2678 3386 2970 3461 publicani
3021 3397 3078 3445 et

2422 3480 2755 3539 meretrices
2796 3481 2854 3539 in
2894 3499 3078 3556 regno

2422 3574 2513 3632 dei
2556 3574 2771 3634 multos
2807 3574 3076 3634 sacerdo·

2421 3678 2546 3726 tum
2631 3677 2690 3727 et
2758 3670 3076 3728 scribarum

2423 3762 2538 3821 sint
2573 3762 2927 3838 praecessuri
2959 3762 3074 3820 dis-

2421 3866 2529 3914 cet.

872 3951 1158 4013 LXXIII.
1200 3951 1548 4013 Parabolam
1602 3950 1677 4011 de
1730 3950 2073 4012 uinitoribus
2175 3952 2403 4009 xxn.
2443 3953 2773 4009 Parabola
2791 3953 2879 4010 do
2898 3952 3074 4009 uini-
3177 3953 3375 4013 XXII.
3417 3954 3765 4015 Parabolam
3800 3954 3873 4015 de
3902 3954 4079 4017 uinea

953 4048 1117 4127 ponit
1144 4048 1246 4125 qui
1286 4047 1638 4125 perimentes
1664 4045 1876 4105 missos
1902 4044 1980 4106 ad
2006 4062 2071 4105 se
2338 4046 2605 4104 toribus
2654 4045 2779 4117 qui
2817 4045 3074 4104 interfl—
3257 4058 3316 4108 et
3341 4049 3565 4109 colonis
3596 4050 3697 4127 qui
3724 4050 4078 4111 interficiunt

797 4217 805 4223 ⁸
954 4160 1156 4202 seruos
1183 4143 1356 4202 etiam
1387 4141 1568 4199 filium
1594 4139 1948 4201 occiderunt.
2339 4140 2533 4198 ciunt
2559 4142 2649 4199 ad
2675 4154 2750 4198 oe
2776 4140 3033 4199 missos.
3256 4143 3331 4203 ad
3361 4161 3426 4202 se
3452 4144 3678 4204 missos.

870 4236 1189 4296 LXXIIII.
1230 4234 1578 4295 Parabolam
1603 4234 1675 4294 de
1697 4233 2071 4295 contemtori-
2273 4230 2308 4290 i.
2351 4232 2640 4292 Parabola
2672 4231 2812 4291 hubi
2847 4232 3076 4324 inuitati
3176 4236 3524 4297 Parabolam
3552 4239 3625 4299 de
3667 4239 3757 4298 his
3798 4239 3900 4317 qui
3925 4238 4076 4297 inui-

956 4331 1068 4391 bus
1095 4330 1171 4390 ad
1200 4331 1433 4407 nuptias
1460 4328 1731 4389 inuitatis·
2418 4335 2804 4385 contemnunt
2877 4327 3073 4386 uenire
3255 4332 3358 4390 tati
3426 4332 3502 4391 ad
3569 4334 3802 4411 nuptias
3875 4332 4076 4392 uenire

2420 4420 2495 4480 ad
2523 4421 2774 4497 nuptias.
3258 4436 3659 4486 contemnunt.

935 4554 1177 4605 valn,
1211 4553 1402 4604 uolenti
1423 4553 1489 4603 U,
2238 4543 2385 4593 ΧΧῙ.
2419 4543 2510 4594 iiii.
2535 4544 2646 4594 hoc.
2779 4546 2845 4595 vi.
2879 4560 2974 4595 om.
2997 4552 3071 4596 et.
3239 4550 3357 4598 XX.
3394 4553 3809 4607 operariorum:
3865 4548 4073 4598 uineari-

934 4621 1095 4670 Lxx.
1124 4627 1179 4675 >
1197 4620 1526 4684 snper-asinae
1541 4617 1734 4684 pullum
1750 4617 1878 4669 sedit
1897 4618 2066 4669 Thom.
2171 4624 2290 4659 suos
2304 4616 2403 4674 pro
2424 4609 2566 4659 dnos.
2699 4610 2782 4661 vii.
2817 4610 2954 4661 dicit.
3173 4630 3316 4665 orum
3330 4616 3385 4665 J.
3443 4622 3499 4670 >
3520 4614 3736 4664 filiorum
3755 4613 3993 4678 petitione
4008 4615 4070 4663 Θ.

3174 4680 3346 4744 primis
3376 4681 3616 4731 accubitis
3651 4680 3746 4728 BH
3782 4694 3898 4728 aur.
3980 4694 4075 4728 om.

3172 4752 3231 4795 et
3252 4749 3323 4796 de
3345 4761 3457 4796 ooo.
3482 4761 3565 4803 pr.
3592 4758 3796 4796 caenae
3818 4744 3882 4793 Θ.
3951 4759 4074 4795 oae-

3170 4825 3308 4861 nao:
3346 4811 3398 4859 in
3432 4811 3596 4861 caenis
3631 4811 3686 4858 B.
3776 4823 3902 4873 quos
3935 4825 4074 4860 secus

3171 4877 3305 4925 uiam
3329 4885 3465 4926 curat
3491 4877 3561 4925 H.

3235 4940 3381 4992 XXI.
3417 4941 3558 4991 asino
3592 4942 3646 4991 B.
3735 4941 4074 5005 Inter-rogatur

3168 5008 3231 5057 de
3262 5007 3374 5057 Iob.
3397 5014 3483 5058 etc.
3503 5024 3618 5058 aur.
3647 5011 3761 5070 (om.
3783 5008 3873 5056 int.
3899 5007 3951 5056 in
3974 5022 4073 5071 qua

3168 5088 3216 5138 p.
3232 5072 3282 5122 h.
3307 5072 3528 5137 faceret).
3599 5073 3846 5139 baptistae
3867 5087 3984 5122 aur.
