4717 6400
863 673 979 737 xvi
1185 672 1553 735 PRAEFA
1573 674 1672 733 TI
1674 675 1745 735 0.
1842 676 1949 737 CA
1961 672 2038 735 P.
2084 673 2133 732 I
2143 672 2202 734 V.
2312 671 2448 734 DE
2487 671 2664 733 EDI
2670 672 2768 731 TI
2769 672 2961 734 ONE
2999 673 3085 736 R.
3130 672 3331 734 BEN
3334 673 3602 735 TLEII
3596 722 3610 736 .

867 879 1112 946 Casleii
1141 901 1265 945 sex
1296 879 1598 945 codicum
1622 877 2108 944 Oxoniensium
2139 877 2528 944 collationes
2556 899 2727 942 anno
2757 890 2912 958 1721
2943 878 3167 956 factaS,
3192 899 3362 961 quos
3390 879 3566 943 notis
3588 877 3874 962 signauit

862 1008 905 1064 γ
925 980 1082 1069 χ(3)
1103 989 1159 1065 ψ
1192 983 1264 1048 C.
1342 984 1455 1047 Ex
1488 983 1728 1065 quibus
1757 1004 1873 1047 eos
1904 985 2014 1065 qui
2047 983 2132 1046 ad
2168 981 2536 1066 Euangelia
2567 991 2870 1066 spectant
2920 981 3083 1046 infra
3114 982 3369 1065 plenius
3411 984 3876 1047 recensuimus

866 1086 968 1150 Cf.
1015 1089 1214 1151 etiam
1264 1086 1400 1151 Old
1439 1084 1643 1151 Latin
1674 1086 1752 1150 B.
1793 1085 1863 1149 T.
1897 1107 1997 1149 no,
2049 1086 2100 1160 Ι,
2148 1084 2371 1151 Oxon.
2424 1084 2611 1169 1883.
2703 1084 2855 1149 Hoc
2902 1084 3213 1149 uolumen
3260 1094 3475 1150 totum
3522 1085 3871 1170 (quantum

861 1180 1086 1255 nostra
1123 1188 1461 1275 intererat)
1506 1192 1713 1253 nostri
1758 1191 1973 1273 gratia
2016 1190 2505 1273 exscripserunt
2537 1188 2640 1251 W.
2676 1188 2752 1252 C.
2787 1187 2946 1267 Bell,
2976 1199 3048 1253 et
3092 1188 3446 1252 Elizabeth
3491 1199 3556 1252 et
3603 1189 3877 1270 Janetta

859 1286 1181 1376 Johnson.
1270 1294 1378 1358 De
1409 1293 1874 1358 collationibus
1904 1294 2092 1358 codd.
2131 1292 2361 1358 Graec.
2401 1294 2466 1356 in
2507 1292 2636 1357 hoc
2668 1290 3002 1356 uolumine
3034 1293 3538 1376 comprehensis,
3568 1294 3646 1358 cf.
3676 1293 3764 1358 A.
3788 1294 3876 1359 A.

865 1397 1032 1461 Ellis
1062 1397 1346 1461 Bentleii
1378 1396 1540 1462 Crit.
1579 1396 1794 1460 Sacra
1830 1419 1893 1482 p.
1926 1398 2173 1461 xxxix.

1037 1501 1107 1564 B.
1149 1517 1246 1581 17.
1280 1503 1317 1561 6
1372 1502 1547 1565 idem
1603 1501 1767 1565 liber
1819 1512 1937 1579 est,
1983 1521 2075 1565 sc.
2114 1500 2200 1564 N.
2232 1501 2310 1565 T.
2363 1498 2968 1564 Graeco-Latinum
3015 1501 3168 1563 anni
3222 1499 3402 1577 1628,
3448 1503 3535 1565 ad
3579 1511 3878 1583 mentem

862 1603 1143 1670 Bentleii
1188 1616 1571 1670 correctum.
1682 1605 1970 1668 Notulas
2014 1605 2216 1668 etiam
2272 1605 2565 1668 continet
2611 1605 2680 1666 in
2722 1603 2968 1667 chartis
3030 1604 3530 1687 interpaginatis
3575 1607 3878 1688 scriptaS,

858 1729 1137 1790 quarum
1176 1709 1507 1774 delectum
1550 1709 1758 1773 edidit
1798 1708 1889 1771 A.
1922 1708 2009 1773 A.
2044 1708 2211 1773 Ellis
2240 1708 2282 1770 1.
2302 1728 2353 1773 c.
2389 1728 2493 1790 pp.
2526 1722 2812 1791 49—117.
2899 1706 3162 1771 Textus
3205 1708 3391 1771 latini
3437 1710 3872 1772 correctiones

859 1814 1064 1878 nostri
1093 1815 1307 1897 gratia
1341 1813 1658 1878 beneuole
1697 1813 2049 1894 exscripsit
2082 1811 2244 1875 Eliz.
2269 1810 2569 1893 Johnson
2602 1831 2826 1874 mense
2851 1809 3024 1875 Iulio
3061 1810 3241 1875 1882.
3318 1810 3457 1875 Sed
3488 1832 3701 1895 neque
3731 1833 3872 1877 cor-

859 1918 1184 1981 rectiones
1228 1937 1499 2001 graecas
1530 1912 1726 2001 (teste
1772 1916 2012 1980 idoneo
2061 1916 2342 1979 Edwino
2391 1913 2666 1988 Palmer,
2698 1914 3191 1979 Archidiacono
3224 1912 3621 2001 Oxoniensi)
3661 1936 3873 1998 neque

859 2019 1097 2084 latinas
1128 2021 1220 2085 ita
1252 2021 1553 2085 Bentleio
1592 2040 1820 2084 reuera
1856 2030 1923 2083 et
1965 2020 2225 2102 penitus
2263 2017 2588 2102 placuisse
2627 2019 2970 2094 credimuS,
3004 2028 3078 2082 ut
3116 2039 3212 2082 ex
3251 2019 3362 2093 εἰς,
3395 2020 3490 2082 uti
3536 2039 3708 2083 nunc
3750 2040 3878 2082 ex-

857 2133 1057 2203 stant,
1088 2125 1445 2189 editionem
1486 2144 1674 2187 suam
1716 2124 1779 2186 in
1820 2122 2033 2188 lucem
2073 2122 2367 2206 proferre
2405 2120 2741 2186 uoluisset.
2834 2121 3099 2205 Operae
3146 2142 3303 2186 uero
3349 2123 3634 2205 pretium
3676 2124 3872 2186 aesti-

859 2229 1190 2291 mauimus
1236 2227 1563 2292 lectiones
1597 2227 1834 2291 latinas
1879 2247 2111 2291 omnes
2156 2247 2245 2291 ex
2288 2225 2417 2289 hoc
2460 2225 2633 2290 libro
2678 2226 2859 2309 typis
2903 2225 3484 2309 mandare—quod
3530 2247 3871 2310 nunquam

858 2340 1055 2395 antea
1106 2331 1356 2396 sactum
1407 2341 1669 2395 est—ut
1719 2340 1945 2414 pateat
1998 2339 2325 2412 quantum
2382 2328 2721 2394 Bentleius
2774 2329 2885 2393 ille
2934 2329 3282 2412 profecerit
3337 2330 3406 2392 in
3458 2329 3872 2395 Clementina

857 2435 1149 2499 editione
1180 2435 1582 2518 corrigenda.
1674 2434 1753 2497 In
1786 2454 1920 2516 qua
1951 2435 2359 2498 correctione
2389 2433 2536 2510 hoe,
2566 2434 2963 2511 ut'constat,
2996 2433 3316 2515 imprimis
3356 2433 3481 2496 sibi
3526 2435 3870 2516 proposuit

859 2550 931 2603 ut
957 2540 1489 2603 concordantiam
1513 2558 1789 2621 graecae
1812 2537 2107 2601 lectionis
2138 2557 2288 2602 cum
2314 2557 2471 2601 uera
2494 2536 3018 2618 Hieronymiana
3043 2539 3437 2601 ostenderet.
3492 2535 3871 2601 Conicimus

857 2663 1015 2725 ergo
1046 2642 1250 2717 illum,
1285 2642 1747 2707 collationibus
1778 2641 2031 2724 aliquot
2061 2641 2271 2719 factis,
2289 2641 2377 2704 ad
2409 2641 2934 2705 conciliationem
2966 2660 3239 2722 graecae
3270 2651 3338 2704 et
3368 2639 3611 2704 latinae
3641 2641 3869 2706 lectio-

857 2745 956 2809 nis
998 2745 1123 2811 hac
1161 2748 1412 2809 ratione
1457 2745 1874 2828 processisse.
1966 2743 2041 2809 Si
2081 2755 2305 2828 posset
2351 2752 2554 2808 testes
2603 2744 2859 2821 latin05‚
2891 2744 2996 2807 uel
3044 2745 3386 2826 pauciores
3428 2764 3719 2822 numero,
3751 2766 3872 2828 pro

856 2850 981 2914 hac
1017 2850 1487 2915 concordantia
1517 2849 1844 2925 adhibere,
1875 2848 2216 2931 uulgatam
2250 2849 2391 2912 sine
2424 2847 2557 2912 ulla
2590 2868 2776 2912 mora
2807 2850 2889 2911 ad
2920 2847 3208 2911 Graecae
3240 2846 3539 2912 lectionis
3569 2869 3872 2913 normam

855 2955 1245 3037 corrigebat.
1338 2952 1409 3018 Si
1442 2952 1558 3016 tali
1589 2962 1814 3017 autem
1845 2952 2226 3016 testimonio
2259 2953 2740 3027 destitueretur,
2763 2952 2978 3014 hamis
3009 2951 3311 3015 rotundis
3345 2953 3410 3013 in
3449 2953 3742 3034 marg-ine
3773 2953 3871 3016 in·

856 3059 1050 3122 clusit
1078 3057 1449 3134 lectionem,
1474 3077 1621 3121 cum
1654 3077 1889 3140 graeco
1915 3057 2447 3133 concordantem,
2471 3076 2672 3138 quam
2707 3076 2928 3133 ueram
2968 3055 3294 3130 credebat,
3319 3065 3386 3118 ct
3417 3075 3537 3137 pro
3561 3077 3641 3119 ea
3669 3065 3874 3120 testes

856 3162 1097 3227 latinos
1128 3163 1508 3245 quaerebat.
1603 3161 1733 3224 His
1775 3159 2058 3242 denique
2092 3159 2445 3242 exquisitis
2490 3159 2596 3223 uel
2636 3159 2881 3224 oblatis
2917 3159 3151 3224 hamos
3187 3159 3469 3224 subinde
3505 3159 3770 3237 deleuit,
3798 3171 3874 3225 ut

856 3267 1231 3330 ostenderet
1278 3266 1625 3330 lectionem
1689 3265 1820 3326 iam
1866 3265 2200 3329 codicibus
2246 3263 2704 3328 confirmatam
2762 3284 2927 3328 esse.
3037 3263 3170 3328 Pro
3219 3261 3554 3346 exemplis
3589 3274 3743 3328 sunt
3766 3289 3874 3329 :—

858 3370 1055 3434 Matt.
1088 3390 1148 3433 v.
1182 3369 1219 3430 8
1251 3366 1536 3456 (mundi)
1565 3367 1754 3432 corde
1779 3369 1962 3449 quod
1991 3368 2248 3450 graecis
2280 3367 2503 3432 uerbis
2540 3369 2599 3430 οἱ
2631 3367 2882 3448 καθαροὶ
2910 3368 2983 3452 τῇ
3019 3366 3230 3451 καρδίᾳ
3261 3369 3614 3449 respondet
3655 3368 3771 3431 sed
3804 3368 3873 3431 in

857 3473 1049 3537 nullis
1087 3473 1426 3538 codicibus
1468 3467 2006 3554 Hieronymianis
2045 3470 2304 3554 legitur.
2398 3471 2651 3536 Contra
2694 3471 2760 3534 in
2807 3470 3005 3534 Matt.
3047 3471 3187 3535 xiii.
3226 3488 3307 3535 22
3352 3472 3464 3535 ubi
3499 3470 3680 3535 hami
3721 3492 3872 3554 per-

860 3577 1082 3641 lineati
1131 3588 1286 3642 sunt
1339 3575 1539 3661 [>in
1590 3577 1802 3659 spinis
1844 3576 2207 3639 seminatus
2254 3572 2395 3661 est)
2437 3594 2562 3658 pro
2601 3575 2972 3638 inuersione
3012 3583 3215 3638 testes
3265 3572 3596 3659 (quamuis
3641 3583 3873 3639 nostro

859 3680 1104 3757 iudicio
1134 3702 1264 3745 non
1298 3681 1457 3744 satis
1489 3677 1719 3765 sortes)
1748 3690 1979 3761 postea
2018 3679 2316 3756 detexit3
2362 3681 2519 3743 item
2554 3679 2642 3742 ib.
2675 3693 2756 3757 47
2789 3699 2874 3742 ex
2903 3679 3083 3743 omni
3094 3699 3332 3760 genere
3362 3675 3525 3761 (om.
3543 3675 3872 3761 piscium}

858 3806 980 3868 pro
1010 3785 1365 3849 omissione
1397 3793 1599 3848 testes
1636 3783 1887 3849 inuenit
1913 3807 1929 3861 ;
1976 3792 2045 3846 et
2075 3804 2185 3848 κν.
2214 3800 2294 3860 14
2325 3781 2640 3867 [cadent]
2672 3803 2794 3865 pro
2826 3781 3047 3846 futuro
3067 3777 3534 3868 (=⁷reo·ot³vrac)
3570 3782 3880 3846 similiter

856 3898 1063 3953 testes
1093 3889 1419 3952 adhibuit.
3013 3885 3020 3894 ’

1031 3992 1240 4056 Bentl.
1274 3993 1340 4055 in
1373 3991 1619 4056 notulis
1651 3991 1894 4054 nostris
1924 3990 2009 4055 ad
2042 3989 2237 4055 huius
2267 3990 2515 4056 codicis
2543 3989 2861 4055 lectiones
2894 3989 3110 4068 refert,
3142 3989 3270 4053 nisi
3302 3990 3493 4054 aliter
3521 3998 3816 4055 notatur.

1034 4095 1110 4159 B.
1146 4111 1246 4177 17.
1284 4114 1364 4173 14
1392 4087 1509 4178 'qui
1541 4104 1640 4157 est
1675 4094 1911 4159 Sancti
1937 4094 2334 4177 Hieronymi
2358 4094 2619 4158 Diuina
2646 4093 3057 4171 Bibliotheca,
3099 4094 3359 4158 Parisiis
3391 4094 3457 4157 in
3487 4094 3668 4170 folio,
3694 4095 3872 4178 apud

862 4198 960 4262 Io.
989 4199 1283 4263 Anisson
1308 4198 1471 4281 1693
1498 4195 1838 4282 (uolumen
1861 4218 1949 4262 sc.
1974 4219 2061 4262 ex
2096 4198 2491 4262 Martianaei
2516 4198 2812 4263 editione
2838 4194 3152 4284 primum)
3172 4197 3464 4262 continet
3490 4198 3872 4263 collationes

857 4291 1161 4367 codicum
1211 4301 1574 4367 multorum
1621 4310 1688 4366 et
1732 4302 1994 4365 notulas
2041 4301 2319 4365 Bentleii
2368 4301 2573 4383 ipsius
2619 4322 2819 4365 manu
2865 4301 3161 4383 scriptas.
3266 4302 3529 4365 Horum
3568 4304 3871 4367 codicum

859 4407 1164 4470 notitiam
1197 4404 1391 4470 offert
1433 4405 1703 4468 Ellisius
1734 4406 1774 4468 l.
1799 4426 1850 4468 c.
1884 4425 1947 4487 p.
1979 4405 2053 4468 xl
2085 4425 2205 4487 sq„
2242 4425 2525 4487 quorum
2557 4404 2821 4487 plurimi
2864 4415 3017 4469 sunt
3053 4426 3142 4468 ex
3189 4404 3603 4470 Bibliotheca
3648 4406 3873 4489 Regis,

860 4510 964 4574 cui
1017 4508 1354 4575 Bentleius
1404 4509 1546 4592 ipse
1599 4518 1919 4592 praeerat,
1963 4510 2162 4572 ceteri
2210 4530 2299 4573 ex
2347 4508 2493 4574 aliis
2543 4508 2834 4591 Angliae
2887 4508 3323 4574 bibliothecis.
3415 4510 3560 4574 Nos
3609 4532 3698 4575 ex
3746 4509 3876 4575 hoc

861 4613 1202 4678 uolumine
1248 4634 1377 4678 non
1424 4613 1597 4677 adeo
1648 4612 1858 4677 multa
1906 4613 2376 4695 excerpsimus,
2420 4632 2571 4677 cum
2610 4614 3153 4694 cognouissemus
3200 4612 3568 4677 Bentleium
3615 4634 3747 4677 non
3794 4634 3874 4677 ea

858 4739 1034 4801 quae
1081 4739 1199 4802 par
1243 4727 1415 4781 esset
1460 4738 1617 4781 cura
1662 4718 1925 4781 codices
1971 4716 2265 4781 conferre
2309 4716 2598 4781 solitum.
2694 4715 2981 4781 Notulas
3024 4727 3251 4780 tamen
3297 4718 3520 4799 magni
3567 4716 3759 4800 pretii
3803 4726 3872 4781 et

861 4811 1272 4888 coniecturas
1303 4822 1368 4883 in
1399 4841 1485 4884 eo
1511 4820 1898 4895 inuenimus,
1931 4840 2209 4902 quarum
2250 4821 2584 4884 delectum
2618 4840 2769 4886 cum
2807 4819 2953 4886 aliis
2991 4821 3199 4884 edidit
3244 4820 3512 4884 Ellisius
3558 4819 3875 4885 asterisco

861 4917 1173 5009 signatas,
1210 4946 1330 4989 nos
1361 4945 1481 5007 pro
1513 4923 1703 4987 nobis
1733 4923 1934 4989 etiam
1965 4922 2294 4989 delectum
2325 4925 2616 4989 fecimus.
3755 4923 3762 4932 ’

874 5145 879 5152 Ι
973 5061 1345 5148 Conspectus
1388 5062 1728 5128 lectionum
1772 5061 2310 5126 Bentleianarum
2356 5062 2426 5125 in
2473 5061 2863 5145 Euangeliis
2904 5083 2985 5126 ex
3025 5061 3188 5125 libro
3242 5059 3352 5123 Tr.
3406 5058 3556 5125 Coll.
3609 5059 3793 5126 Cant.

1837 5164 1917 5228 B.
1948 5179 2047 5245 17.
2083 5163 2121 5224 6
2169 5167 2658 5247 exscriptamm.

1009 5293 1342 5348 Notandum
1378 5303 1464 5348 est
1503 5293 1814 5348 Bentleium
1852 5292 2014 5363 signo
2067 5303 2115 5357 Λ
2163 5310 2265 5364 pro
2300 5292 2587 5348 additione
2622 5294 2935 5361 uerborum,
2971 5260 3035 5349 ,3
3070 5309 3171 5362 pro
3207 5294 3504 5346 onu'sn'one
3537 5302 3592 5348 et
3626 5291 3874 5347 numeris

865 5376 1109 5434 arabicis
1140 5390 1185 5445 1,
1213 5390 1264 5441 2,
1292 5390 1323 5446 3
1350 5386 1454 5431 etc.
1493 5393 1594 5446 pro
1629 5378 1951 5431 inuersione
1984 5395 2148 5435 usum
2178 5394 2318 5433 esse.
2396 5378 2520 5431 Nos
2558 5377 2719 5446 signa
2744 5388 2936 5431 nostra
2964 5376 3071 5444 (ψ,
3103 5393 3210 5430 om.
3243 5386 3300 5431 et
3348 5374 3459 5444 >),
3484 5385 3546 5430 ut
3579 5393 3707 5430 cum
3739 5392 3874 5430 nos-

865 5472 1080 5518 trarum
1118 5459 1435 5514 notularum
1474 5476 1576 5513 usu
1602 5471 1990 5528 congruerent,
2017 5462 2075 5516 in
2100 5462 2209 5516 hoc
2240 5471 2548 5531 conspectu
2583 5459 2955 5515 adhibuimus.
3027 5462 3219 5514 Hami
3245 5460 3495 5526 rotundi,
3521 5468 3581 5513 ut
3609 5458 3874 5527 (mundi),

870 5545 1001 5612 (om.
1041 5543 1182 5612 uos),
1223 5543 1312 5612 (>
1344 5542 1493 5597 illam
1534 5541 1783 5611 fecistis),
1822 5543 2069 5600 indicant
2109 5543 2375 5600 lectiones
2413 5561 2540 5599 cum
2578 5561 2778 5614 graeca
2816 5542 3048 5599 ueritate
3087 5543 3500 5598 consentientes
3535 5559 3637 5613 pro
3674 5542 3875 5612 quibus

4701 2098 4713 2203 a*
4703 2004 4713 2051 4-
4703 1860 4713 1909 4
4685 1508 4713 1763 *mx—k
4707 1428 4712 1465 4

4685 5741 4713 6353 -,-ιΑ-μ,ι4κ
4683 5115 4713 5676 dnn-xa*
4691 4531 4713 5052 ᾼμᾈΑ-Ι-,ῌψ
4701 4411 4713 4444 x
