4717 6400
1271 736 1450 796 PRA
1462 736 1639 797 EFA
1660 736 1757 796 TI
1757 736 1813 798 0
1864 735 2040 795 UEL
2086 735 2279 799 ARG
2291 734 2567 797 UME'N
2572 736 2772 796 TUM
2813 735 3034 797 IOHA
3046 737 3231 797 NNI
3227 736 3292 797 S.
3652 734 3781 816 489

767 946 926 990 uera
970 945 1086 989 eos
1130 924 1382 989 dixisse
1426 923 1786 988 firmauerit
1830 925 1952 989 sed
1994 925 2190 990 unius
2234 935 2499 992 tantum
2553 925 2707 989 anni
2756 925 2823 988 in
2880 946 3014 1007 quo
3068 934 3135 988 et
3188 946 3422 1010 passus
3477 936 3579 991 est
3631 937 3785 1008 post

767 1049 1091 1117 carcerem
1153 1028 1450 1092 iohannis
1509 1029 1850 1092 historiam
1911 1029 2227 1093 texuisse.

2346 1028 2818 1093 Praetermisso
2852 1029 3104 1111 ⁴itaque
3164 1034 3336 1092 anno
3388 1029 3571 1094 cuius
3633 1040 3788 1095 acta

767 1155 808 1198 a
848 1134 1056 1196 tribus
1102 1132 1411 1215 exposita
1456 1130 1711 1196 fuerant
1756 1132 2189 1216 subperitoris
2233 1133 2552 1215 temporis
2596 1140 2955 1214 antequam
3004 1131 3319 1197 iohannes
3371 1132 3791 1198 clauderetur

766 1237 834 1301 in
865 1257 1124 1302 carcere
1152 1246 1343 1321 gesta
1374 1238 1662 1300 narrauit
1693 1237 1861 1300 sicut
1892 1237 2312 1301 manifestum
2344 1257 2488 1301 esse
2519 1238 2765 1320 poterit
2795 1236 2898 1300 his
2936 1237 3048 1318 qui
3089 1236 3434 1319 diligenter
3471 1246 3791 1319 quattuor

770 1340 1261 1424 euangeliorum
1295 1340 1632 1405 uolumina
1664 1340 1943 1425 legerint
1974 1361 2146 1424 quae
2176 1362 2280 1405 res
2305 1344 2788 1403 ΔΙΩΦΩΝΙΑΝ
2820 1360 2993 1422 quae
3023 1340 3286 1404 uidetur
3315 1341 3614 1405 iohannis
3645 1360 3788 1404 esse
3807 1355 3836 1405 5

769 1465 921 1508 curn
968 1444 1206 1511 ceteris
1254 1445 1447 1509 tollit.
1540 1443 1822 1529 Scripsit
1860 1454 2086 1509 autem
2126 1455 2195 1510 et
2231 1466 2434 1510 unam
2466 1443 2817 1529 epistolam
2849 1444 3036 1507 cuius
3066 1444 3417 1507 exordium
3450 1454 3552 1508 est
3584 1444 3786 1527 Quod
3888 1480 3896 1489 ·

770 1547 892 1611 fuit
942 1549 1030 1612 ab
1084 1550 1269 1613 initio
1320 1549 1497 1631 quod
1552 1550 1926 1613 audiuimus
1978 1558 2047 1613 et
2098 1549 2387 1613 uidimus
2431 1548 2638 1614 oculis
2692 1550 2872 1629 quod
2927 1548 3393 1631 perspeximus
3438 1555 3505 1610 et
3553 1568 3790 1611 manus

771 1662 1032 1717 nostrae
1076 1662 1528 1717 tractauerunt
1572 1653 1657 1717 de
1715 1653 1918 1716 uerbo
1965 1654 2141 1717 uitae
2185 1673 2357 1735 quae
2401 1652 2487 1716 ab
2534 1652 2856 1716 uniuersis
2901 1651 3356 1716 ecclesiasticis
3402 1660 3470 1716 et
3515 1651 3790 1715 eruditis

771 1756 928 1819 uiris
974 1756 1303 1838 probatur.
1396 1756 1722 1839 Reliquae
1774 1765 1997 1821 autem
2057 1757 2231 1820 duae
2287 1776 2567 1838 quarum
2630 1756 3022 1839 principium
3077 1765 3179 1819 est
3242 1754 3479 1820 Senior
3539 1755 3789 1819 electae

772 1861 1084 1924 dominae
1128 1870 1195 1924 et
1241 1861 1413 1925 natis
1463 1862 1602 1924 eius
1648 1870 1717 1924 et
1762 1861 2097 1942 sequentis
2145 1858 2382 1924 Senior
2425 1861 2578 1943 gaio
2637 1859 2972 1924 carissimo
3025 1880 3223 1941 quem
3281 1880 3407 1943 ego
3460 1859 3667 1943 diligo
3721 1860 3789 1922 in
3812 1877 3874 1913 10

774 1965 1053 2029 ueritate
1113 1965 1443 2029 Iohannes
1507 1964 1893 2045 praesbiteri
1957 1973 2336 2028 asseruntur
2399 1963 2584 2026 cuius
2648 1973 2715 2027 et
2772 1963 2970 2027 hodie
3023 1964 3304 2027 alterum
3366 1964 3788 2046 sepulchrum

773 2078 939 2153 aput
983 2067 1300 2152 ephesum
1348 2067 1712 2133 ostenditur
1756 2077 1821 2131 et
1868 2067 2164 2131 nonnulli
2210 2077 2448 2151 putant
2507 2066 2674 2129 duas
2726 2068 3080 2131 memorias
3132 2068 3431 2131 eiusdem
3485 2067 3790 2132 iohannis

774 2172 1217 2255 euangelistae
1262 2192 1405 2236 esse

1572 2191 1772 2254 super
1815 2193 1948 2254 qua
1991 2193 2062 2235 re
2107 2191 2258 2235 cum
2296 2193 2416 2255 per
2453 2171 2752 2235 ordinem
2793 2171 2881 2233 ad
2921 2172 3187 2255 papiam
3232 2173 3601 2235 auditorem
3649 2173 3790 2236 eius

775 2285 1048 2340 uentum
1090 2276 1283 2340 fuerit
1320 2276 1717 2340 disserimus
1810 2275 2069 2357 Quarto
2104 2277 2367 2340 decimo
2409 2275 2608 2358 igitur
2647 2295 2823 2338 anno
2868 2279 3228 2340 secundam
3274 2284 3428 2357 post
3471 2296 3787 2339 neronem

775 2380 1352 2464 persequutionem
1414 2390 1882 2444 commonente
1940 2380 2316 2444 domiciano
2382 2380 2448 2442 in
2509 2378 2824 2462 phatmos
2866 2377 3099 2442 insula
3160 2378 3468 2463 religatus
3527 2380 3788 2463 scripsit
3812 2401 3870 2452 15

774 2484 1207 2568 apocalypsin
1250 2503 1452 2565 quam
1487 2485 1953 2566 interpretatur
1993 2484 2273 2547 iustinus
2317 2492 2568 2564 martyr
2607 2492 2674 2546 et
2715 2482 3082 2564 chyrineuS.
3176 2483 3531 2547 Interfecto
3562 2493 3788 2547 autem

777 2587 1147 2653 domiciano
1208 2596 1273 2650 et
1333 2587 1499 2651 actis
1558 2588 1700 2651 eius
1760 2589 1850 2651 ob
1911 2587 2181 2652 nimiam
2243 2586 2701 2650 crudelitatem
2766 2606 2808 2649 a
2875 2587 3289 2649 senatoribus
3349 2588 3602 2651 occisus
3663 2589 3787 2651 sub

775 2692 1111 2775 pertinace
1145 2692 1338 2755 rediit
1379 2692 1696 2773 ephesum
1743 2691 1965 2774 ibique
2004 2712 2212 2774 usque
2252 2692 2339 2754 ad
2384 2691 2710 2753 traianum
2751 2691 3113 2773 principem
3154 2710 3580 2773 perseuerans
3611 2700 3789 2756 totas

775 2796 949 2860 asiae
994 2796 1296 2859 fundauit
1331 2796 1678 2876 erexitque
1716 2793 2023 2859 ecclesias
2061 2804 2129 2859 et
2166 2795 2507 2860 confectus
2545 2794 2728 2858 senio
2767 2795 3187 2876 sexagesimo
3225 2803 3293 2858 et
3333 2806 3574 2861 octauo
3614 2815 3787 2860 anno

778 2908 930 2983 post
961 2900 1336 2982 passionem
1368 2898 1619 2964 domini
1655 2907 1952 2961 mortuus
1983 2900 2175 2962 iuxta
2204 2900 2482 2964 eandem
2514 2899 2746 2961 urbem
2779 2896 3077 2981 sepultus
3108 2907 3227 2962 est.
3809 2928 3873 2963 20

844 3185 890 3233 3.
935 3172 1309 3228 mbperitoris
1356 3170 1432 3220 ita
1479 3168 1615 3230 ΗΘ;
1673 3170 1857 3221 rectius
1912 3170 2182 3237 superioris

777 3249 960 3299 Bened.
992 3249 1127 3299 Uall.

845 3344 892 3392 4.
924 3343 1166 3378 carcerem
1187 3326 1373 3377 Bened.
1405 3327 1538 3378 Uall.
1605 3329 1728 3378 his:
1764 3327 1828 3376 iis
1849 3326 2032 3378 Bened.

846 3420 892 3470 5.
926 3421 1070 3464 quae
1091 3420 1212 3455 res:
1248 3420 1484 3471 quaerens
1501 3405 1646 3469 lapsu
1673 3405 1725 3454 H
1740 3421 1755 3466 ς
1769 3417 1806 3456 ÷
1821 3406 1972 3455 etiam
1993 3405 2181 3456 Benaci.

787 3485 925 3536 Uall.
991 3488 1351 3533 ΔῙΩΦΩΝΙΑΝ
1372 3484 1444 3533 sic
1462 3484 1516 3533 H
1537 3482 1607 3548 (Δ
1623 3491 1731 3549 sup.
1750 3483 1869 3548 lin.)
1890 3485 1965 3540 Θς
2002 3484 2185 3534 rectius

779 3561 1032 3626 διαφωνίαν
1053 3563 1240 3613 Bened.
1273 3561 1406 3613 Uall.

846 3651 892 3706 7.
927 3645 1108 3692 oeulis
1124 3656 1158 3691 ÷
1173 3641 1354 3690 nostris
1377 3639 1562 3691 Bened.
1597 3640 1732 3693 Uall.

845 3721 892 3770 8.
927 3725 1349 3770 contrectauerunt
1371 3719 1557 3768 Bened.
1589 3719 1725 3769 Uall.

848 3812 926 3850 10.
959 3798 1070 3848 caio
1094 3797 1279 3848 Bened.
1307 3796 1439 3847 Uall.

851 3890 871 3925 1
884 3892 926 3928 1.
960 3876 1190 3927 iohannis
1211 3875 1258 3923 Θ
1280 3872 1466 3924 Bened.
1499 3874 1633 3925 Uall.
1677 3881 1688 3898 '
1701 3874 2004 3940 praesbyteri
2026 3874 2088 3924 Θ.

849 3969 926 4006 12.
961 3961 1047 4005 et:
1081 3954 1173 4003 etsi
1204 3952 1338 4004 Uall.

853 4048 928 4096 13.
962 4048 1064 4091 per
1084 4038 1193 4096 sup.
1219 4031 1316 4080 lin.
1343 4030 1413 4079 H.

851 4126 925 4176 14.
964 4111 1257 4160 disseremus
1278 4108 1462 4159 Bened.
1495 4108 1620 4159 Uall

912 4212 1105 4262 Subscr.
1139 4208 1281 4259 deest.

2452 3182 2527 3234 15.
2562 3176 2792 3220 mouente
2805 3168 2991 3220 Bened.
3012 3169 3144 3221 Uall.
3174 3169 3450 3221 domitiano
3463 3177 3513 3221 et
3530 3180 3586 3234 17
3602 3172 3786 3222 Bened.

2391 3250 2525 3300 Uall.
2609 3248 2879 3313 phathmos
2910 3248 2972 3298 Θ.
3040 3248 3252 3298 insulam
3286 3249 3470 3300 Bened.
3516 3249 3648 3302 Uall.
3716 3265 3788 3299 re-

2381 3325 2945 3469 hgzlzgosiggrpoemm
3006 3404 3194 3456 Bened.
3306 3404 3539 3455 Irenaeus
3599 3405 3738 3455 Bene
3774 3443 3786 3456 .

2392 3483 2529 3624 Uag.
2578 3566 2750 3610 senatu
2802 3560 2987 3611 Bened.
3041 3560 3176 3613 Uall.
3265 3563 3516 3612 occisus:
3575 3561 3789 3611 rescissis

2383 3638 2567 3689 Bened.
2601 3638 2735 3689 Uall.

2454 3717 2530 3767 18.
2573 3719 2893 3773 pertimeat
2926 3732 3079 3767 nei-ua
3109 3717 3274 3775 Uall.;
3309 3717 3584 3782 ÷principe
3601 3717 3785 3768 Bened.

2392 3795 2525 3846 Uall.
2592 3794 2720 3844 redit
2742 3795 2925 3844 Bened.
2960 3795 3094 3846 Uall.

2453 3885 2531 3937 19.
2575 3872 2798 3937 rexitque
2836 3872 3022 3922 Bened.
3077 3874 3211 3925 Uall.
3279 3873 3556 3924 confractus
3601 3872 3785 3923 Bened.

2382 3965 2479 4000 om.
2502 3956 2562 3999 et
2582 3966 2670 4000 sec.
2695 3950 2878 4000 Bened.
2913 3951 3048 4001 Uall.

2454 4041 2531 4078 20.
2572 4034 2748 4093 >post
2769 4029 3048 4092 passionem
3070 4029 3263 4080 domini
3286 4046 3415 4080 anno
3437 4031 3623 4080 Bened.
3651 4031 3784 4083 Uall.

2384 4106 2514 4157 iusta
2535 4105 2709 4156 eadem
2736 4106 2807 4156 H.
