4717 6400
899 657 1022 736 184

1375 835 1597 886 AHVY.

971 926 1221 984 caesaris
1279 927 1493 986 tributo
1550 940 1976 1006 consequenter
2023 950 2096 990 ex

972 1019 1456 1097 suprascriptione
1506 1022 1602 1080 uel
1651 1024 1907 1101 imagine
1956 1043 2097 1084 con-

971 1112 1190 1172 sutauit.

888 1206 1175 1266 XXXIX.
1223 1208 1574 1271 Sadducaeis
1603 1213 1675 1272 de
1697 1214 1933 1274 muliere
1964 1234 2096 1293 sep·

967 1312 1087 1360 tem
1123 1301 1365 1362 fratrum
1401 1321 1582 1365 uxore
1615 1309 1990 1370 temtantibus
2016 1311 2095 1369 ob

967 1396 1420 1457 incredulitatem
1489 1402 1922 1463 resurrectionis
1991 1423 2093 1463 ex-

968 1489 1218 1566 probrat.

885 1583 1012 1641 XL.
1059 1583 1294 1644 Scribae
1351 1586 1426 1645 de
1482 1589 1760 1650 mandato
1811 1590 1957 1668 legis
2003 1592 2091 1651 in-

964 1680 1279 1755 terroganti
1312 1681 1614 1757 geminum
1642 1683 1966 1746 dilectionis
1993 1705 2092 1746 os-

963 1772 1146 1832 tendit
1200 1783 1259 1833 et
1314 1777 1479 1835 cuius
1527 1778 1600 1836 sit
1645 1778 1796 1838 filius
1844 1778 2090 1839 christus

961 1868 1325 1946 interrogans
1394 1870 1568 1930 docet
1643 1891 1717 1931 ex
1799 1874 2088 1951 principio

961 1962 1166 2039 psalmi
1217 1965 1561 2024 centensimi
1605 1967 1746 2025 noni
1792 1967 2087 2027 salutatio-

959 2074 1102 2114 num
1150 2075 1385 2135 quoque
1431 2076 1636 2119 eorum
1680 2060 1740 2118 in
1785 2060 1913 2121 foro
1962 2080 2088 2121 am-

959 2150 1142 2208 bitum
1172 2160 1352 2210 notat.

879 2241 1039 2301 XLI.
1092 2244 1165 2301 In
1224 2245 1693 2321 gazophilacium
1763 2264 2085 2327 pauperem

958 2337 1198 2396 uiduam
1270 2339 1388 2398 duo
1464 2341 1687 2401 minuta
1758 2343 2085 2405 mittentem

956 2432 1179 2490 cunctis
1207 2431 1365 2492 dona
1391 2434 1737 2496 iactantibus
1763 2438 2027 2514 praefert.

876 2523 1069 2584 XLII.
1126 2526 1577 2587 Aedificationes
1645 2531 1845 2608 templi
1911 2550 2082 2591 mon—

958 2620 1273 2679 strantibus
1321 2623 1694 2698 praenuntiat
1738 2624 1983 2684 ruituras
2023 2636 2081 2686 et

957 2714 1030 2772 de
1074 2714 1316 2773 diuersis
1362 2715 1548 2775 ultimi
1603 2719 1878 2796 temporis
1933 2729 2080 2780 tem-

955 2808 1267 2869 tationibus
1309 2808 1511 2869 futuris
1558 2810 1841 2888 prolixius
1882 2813 2079 2891 dispu—

953 2913 1083 2961 tans
1137 2902 1506 2963 seductiones
1559 2917 1859 2966 ammonet
1913 2927 2077 2986 prae-

953 2998 1262 3057 canendas.

868 3568 1093 3629 XLIII.
1127 3569 1299 3629 Diem
1328 3571 1616 3633 aduentus
1637 3575 1824 3636 solum
1847 3590 2072 3655 patrem

949 3666 1091 3724 scire
1120 3666 1318 3726 dicens
1346 3667 1671 3728 nescientes
1705 3689 1837 3730 eam
1870 3691 2072 3733 seruos

946 3758 1187 3835 uigilare
1215 3762 1496 3838 praecipit
1523 3772 1579 3821 et
1606 3780 1790 3824 orare.

866 3944 1122 4005 XLIIII.
1187 3947 1280 4007 De
1337 3948 1627 4011 alabastro
1680 3955 1923 4030 ungenti
1977 3957 2071 4016 uel

947 4042 1273 4117 proditione
1294 4043 1463 4103 iudae
1485 4045 1776 4107 traditoris
1806 4066 1874 4108 ac
1903 4070 2070 4127 prae·

945 4137 1244 4212 paratione
1272 4137 1521 4212 paschae
1549 4140 1789 4200 refertur
1810 4161 1920 4202 nec
1949 4163 2069 4205 non

945 4240 1004 4288 et
1057 4249 1239 4289 cenae
1294 4232 1418 4291 eius
1466 4234 1744 4310 mysticae
1800 4238 2071 4314 panditur

945 4334 1390 4385 sacramentum.

928 4805 1229 4900 xxxytlll.
1286 4809 1470 4858 caesari
1521 4810 1592 4859 H.
1677 4814 1960 4878 amputauit
2010 4822 2071 4865 ut

863 4872 1026 4921 udtur
1048 4872 1101 4920 H
1135 4908 1148 4920 .

926 4937 1036 4986 XL.
1085 4941 1407 4990 dileotIonis
1444 4953 1481 4990 4-
1517 4951 1832 5009 praeceptum
1893 4946 2066 4996 Thone.

866 5008 923 5058 >
943 5002 1077 5052 filius
1100 5004 1164 5054 sit
1188 5005 1258 5054 H.
1323 5007 1515 5056 ambito
1540 5008 1610 5059 H.

925 5069 1066 5118 XLI.
1102 5069 1254 5119 uidua
1275 5071 1344 5120 H.

925 5133 1116 5183 XLIII.
1151 5138 1398 5203 praecepit
1422 5138 1493 5188 H.

926 5198 1149 5250 XLIIII.
1182 5207 1452 5259 paschae:
1489 5206 1788 5270 parascheue
1812 5208 1879 5257 H.

1857 666 2319 728 CAPITULA
2374 670 2495 731 IN
2529 672 2715 732 EUA
2726 673 3186 736 NGELIUM

2413 842 2555 893 coT
2577 844 2733 896 Harl.
2763 854 2906 911 2797.

3237 851 3275 902 J
3303 852 3519 919 (breues)
3547 854 3645 905 ΟΧ
3656 857 3779 908 Par.
3801 859 3916 908 Lat.
3946 864 4119 925 10438.

2284 1215 2391 1277 De'
2411 1220 2652 1280 muliere
2693 1240 2843 1299 quae
2887 1232 3113 1300 septem
3218 1226 3291 1286 de
3321 1229 3558 1289 muliere
3586 1252 3737 1310 quae
3767 1246 3991 1313 septem
4019 1236 4129 1297 fra-

2365 1310 2565 1373 fratres
2594 1315 2807 1374 habuit.

3299 1333 3413 1382 tres
3442 1322 3644 1386 habuit

2277 1594 2356 1653 Et
2385 1597 2607 1656 scribae
2637 1597 2777 1657 dicit
2798 1617 2918 1660 non
2946 1619 3109 1660 aesse
3212 1621 3270 1670 et
3325 1614 3622 1690 quendam
3683 1617 3931 1675 scribam
3988 1618 4125 1678 dicit

2361 1689 2537 1767 longe
2566 1710 2603 1750 a
2629 1711 2815 1769 regno
2845 1694 2955 1753 dei.

2278 1787 2491 1865 Adque
2569 1789 2887 1869 interrogat
2958 1810 3106 1871 quo-

2358 1881 2542 1942 modo
2571 1882 2777 1943 dicitur
2810 1890 2922 1961 xps
2955 1885 3106 1946 filius

2357 1979 2553 2039 dauid.

2278 2069 2516 2249 [Mbtgujt
2545 2075 2875 2135 cauendum
2902 2096 2939 2136 a
2966 2078 3104 2138 scri-

2271 2259 2365 2321 De
2416 2262 2594 2322 uidua
2641 2274 2700 2323 et
2753 2266 3104 2344 gazophyla-

2355 2355 2508 2417 chio.

2268 2542 2347 2603 Et
2374 2544 2447 2602 de
2475 2545 2675 2622 templi
2705 2556 3007 2608 structura.

2182 3109 2301 3165 XI.
2344 3110 2446 3167 De
2478 3112 3028 3179 pseudochristis.

2263 3199 2341 3258 Et
2370 3203 2641 3278 passione
2669 3206 2988 3264 martirum.

2259 3294 2336 3353 Et
2364 3296 2761 3357 commotione
2790 3301 3020 3359 saeculi.

2259 3387 2337 3447 Et
2363 3388 2616 3449 aduentu
2643 3393 2761 3467 xpi.

2259 3481 2350 3541 De
2379 3485 2587 3543 arbore
2615 3485 2759 3544 ficus
2792 3489 3085 3562 parabola.

2256 3576 2334 3635 Et
2350 3578 2511 3655 quod
2528 3578 2681 3638 diem
2699 3580 2892 3641 iudicii
2909 3601 3087 3644 nemo

2337 3673 2497 3731 sciat.

2257 3764 2503 3843 Propter
2535 3769 2695 3845 quod
2728 3769 2900 3830 docet
2938 3772 3085 3849 uigi-

2339 3859 2597 3919 landum.

2175 3955 2335 4013 XII.
2381 3956 2483 4014 De
2531 3959 2929 4027 hunguento
2974 3977 3083 4019 su-

2338 4065 2465 4120 pra
2492 4057 2699 4122 eaput
2726 4054 2852 4111 inu
2877 4058 3084 4114 aeffu-

2337 4160 2431 4202 sn.

2258 4235 2437 4296 Iudas
2464 4240 2858 4301 sacerdotibus
2897 4242 3084 4301 domi-

2339 4348 2483 4390 num
2510 4334 2735 4410 prodet.

2255 4424 2591 4502 Adparatus
2618 4429 2886 4505 paschae.

2254 4518 2550 4580 Dominus
2605 4522 2742 4581 dicit
2796 4526 2873 4582 ab
2922 4523 3084 4586 huno

2333 4632 2537 4673 eorum
2563 4615 2926 4679 tradendum.

2237 4813 2303 4862 X.
2343 4821 2400 4870 >
2425 4831 2527 4865 non
2560 4816 2710 4881 longe
2738 4834 2846 4870 esse
2877 4821 3078 4879 Thom.;

2170 4894 2271 4927 non
2310 4878 2459 4945 longe
2497 4898 2551 4931 es
2588 4882 2652 4932 Θ.
2741 4887 2949 4937 dauidz
2998 4888 3080 4938 dei

2171 4944 2316 5009 lapsu
2352 4947 2415 4996 C.
2494 4955 2687 4999 monet·
2723 4966 2769 5000 ο.
2806 4966 2841 5001 ο,
2876 4958 3078 5003 soi-ibin

2169 5025 2262 5058 om.
2288 5011 2347 5061 C.
2414 5028 2510 5062 om.
2534 5021 2593 5064 et·
2625 5023 2742 5066 ante
2775 5020 2845 5066 de
2877 5020 3076 5078 templi

2170 5075 2218 5124 Θ
2246 5077 2418 5128 Thom.

2233 5141 2327 5190 XI.
2379 5150 2431 5193 et
2486 5143 2549 5194 de
2609 5147 2839 5209 passione
2901 5149 3073 5199 nom.

2166 5207 2461 5270 parabolam
2483 5209 2531 5258 Θ
2554 5212 2727 5272 Harl„
2754 5214 2806 5261 T
2795 5214 2923 5263 hom.

2233 5272 2355 5324 XII.
2408 5289 2557 5340 super
2612 5277 2659 5326 Θ
2712 5279 2884 5330 Thom.
2976 5295 3068 5330 om.

2163 5341 2377 5389 aeffuso
2394 5339 2457 5389 Θ.
2519 5355 2553 5391 -ι-
2569 5350 2619 5392 et
2635 5351 2753 5392 ante
2768 5347 3069 5403 adparatus

2164 5405 2320 5457 Harl.
2366 5421 2611 5459 eorum-t·
2628 5410 2871 5473 seHarl„
2898 5412 3067 5463 Hom.

3294 1724 3417 1764 non
3461 1706 3637 1785 longe
3684 1728 3812 1768 esse
3857 1730 3893 1769 a
3939 1730 4122 1788 regno

3292 1799 3386 1858 dei

3209 1986 3400 2064 adque
3450 1989 3770 2066 interrogat
3820 1992 4119 2069 quomodo

3290 2081 3515 2142 dicatur
3578 2090 3691 2160 xps
3756 2085 3905 2145 filius
3962 2085 4119 2146 dauit

3289 2193 3427 2234 cum
3456 2178 3529 2236 sit
3555 2178 3667 2237 dfis

3208 2269 3281 2329 de
3314 2270 3493 2331 uidua
3522 2282 3579 2331 et
3604 2273 4003 2351 gazophilacio

3204 2550 3276 2611 de
3305 2552 3503 2630 templi
3533 2564 3835 2614 structura.

3197 3103 3304 3163 XI.
3347 3104 3440 3165 De
3469 3108 3830 3186 pseudoxpis

3278 3209 3337 3259 et
3365 3204 3637 3278 passione
3665 3217 3983 3283 martyrum

3278 3307 3337 3354 et
3365 3300 3764 3359 commotione
3794 3301 4007 3360 saeculi

3277 3399 3335 3447 et
3362 3391 3433 3450 de
3462 3391 3716 3453 aduentu
3743 3396 3859 3471 xpi.

3191 3950 3330 4010 XII.
3375 3952 3467 4012 De
3505 3966 3765 4032 ungento
3800 3975 3972 4035 super
3999 3978 4098 4019 ca-

3271 4046 3393 4121 pud
3419 4048 3520 4106 ihu
3546 4050 3735 4110 effuso

3190 4245 3248 4295 et
3289 4235 3362 4295 de
3402 4238 3730 4314 proditione
3768 4242 3938 4300 iudae
3980 4261 4097 4319 qua

3270 4330 3412 4389 dfim
3440 4333 3671 4393 tradidit
3696 4344 3755 4394 et
3780 4345 3985 4396 cetera.

3249 4837 3314 4886 X.
3348 4837 3605 4888 mulierem
3622 4840 3716 4890 0¹¹¹.
3761 4842 3959 4891 cuidam
3973 4845 4088 4893 scri-

3184 4901 3277 4951 bae
3294 4902 3375 4952 0².
3432 4908 3641 4962 adque:
3677 4914 3826 4970 utque
3843 4908 3923 4958 0².
3982 4914 4087 4959 diis

3195 4981 3229 5016 -ι-
3246 4969 3521 5018 cauendum
3539 4987 3569 5019 a
3587 4973 3759 5021 scribis
3776 4974 3857 5023 0².
3908 4980 4083 5026 struo-

3177 5038 3309 5083 tura
3332 5052 3345 5085 ε
3403 5036 3643 5099 scriptura
3689 5038 3737 5087 O
3782 5038 3956 5103 inepte.
4022 5041 4086 5090 de

3176 5100 3622 5164 pseudoprophetis
3645 5103 3757 5165 (sic)
3786 5104 3845 5152 in
3868 5105 3916 5153 X
3934 5107 4085 5170 ponit

3175 5166 3228 5213 J.
3287 5166 3566 5231 pseudoxpi
3581 5168 3643 5219 O.
3696 5171 4083 5221 commotionem

3176 5230 3243 5291 O,
3267 5247 3377 5281 -nes
3394 5232 3490 5281 X*.

3240 5296 3358 5345 XII.
3396 5298 3495 5358 (XI
3529 5299 3565 5348 J
3613 5299 3810 5360 Thom.)
3845 5318 3993 5365 supra
4026 5305 4081 5352 ὖ.

3172 5378 3314 5420 qua:
3345 5365 3464 5427 quia
3481 5364 3536 5414 J.
3571 5371 3688 5427 post
3698 5369 3867 5417 iudae
3880 5374 4083 5418 tantum

3170 5437 3221 5478 et
3243 5430 3446 5479 caeteris
3468 5430 3717 5481 mandatis
3732 5432 3797 5481 X.
