4717 6400
1011 864 1222 928 DZPGQ
1243 880 1359 913 aur.
1384 881 1421 912 c.

717 1144 910 1203 XXX.
953 1143 1088 1220 Ego
1131 1163 1260 1203 sum
1305 1144 1437 1203 uitis
1481 1162 1619 1203 uera
1662 1155 1719 1204 et

795 1249 960 1316 pater
1009 1257 1179 1297 meus
1229 1238 1484 1315 agricola
1527 1239 1574 1297 si
1622 1257 1717 1297 me

795 1332 1124 1409 dilegeretis
1190 1331 1518 1406 gauderetis
1582 1332 1720 1410 quia

796 1426 950 1483 uado
979 1425 1055 1483 ad
1085 1434 1330 1501 patrem.

719 1801 946 1860 XXXI.
990 1800 1203 1859 Ueniet
1230 1800 1375 1860 hora
1397 1802 1582 1878 utqui
1611 1819 1719 1861 uos

798 1894 1076 1954 occiderit
1105 1904 1267 1970 putet
1289 1913 1351 1953 se
1373 1895 1720 1972 obsequium

797 2001 1051 2065 prestare
1072 1989 1149 2046 do
1168 1999 1223 2047 et
1241 1989 1528 2048 tristitiam
1545 1989 1719 2048 habc-

797 2083 929 2142 bitis
970 2083 1071 2141 sed
1100 2082 1319 2140 Iterum
1358 2083 1570 2145 uidebo
1609 2101 1720 2143 uos

800 2187 856 2234 et
884 2176 1162 2252 gaudebit
1191 2194 1295 2235 cor
1322 2186 1594 2234 uestrum.

718 3393 975 3453 XXXII.
1019 3395 1094 3454 Et
1131 3396 1370 3457 eleuatis
1408 3398 1591 3457 oculis
1631 3399 1721 3459 ihs

801 3488 971 3548 Pater
1020 3489 1274 3549 clarifica
1324 3491 1505 3550 filium
1557 3504 1719 3552 tuum

800 3583 979 3645 Pater
1020 3590 1118 3643 sce
1168 3603 1458 3646 conserua
1504 3605 1608 3646 eos
1649 3587 1720 3645 In

799 3679 1037 3738 nomine
1067 3689 1186 3738 tuo.

718 3865 1007 3925 xxxm.
1049 3866 1127 3925 Et
1163 3827 1456 3928 duxerunt⁸
1488 3868 1610 3927 inm
1644 3870 1720 3930 ad

803 3961 1043 4020 Annam
1070 3971 1129 4020 et
1156 3961 1346 4021 caifan
1374 3973 1430 4023 et
1459 3963 1534 4022 ad
1564 3968 1721 4041 pyla-

799 4067 937 4114 tum.

719 4243 1039 4302 XXXIIII.
1081 4243 1173 4303 De
1217 4262 1393 4304 cruce
1442 4245 1588 4323 dixit
1633 4246 1722 4306 ihs

781 4431 950 4480 XXX.
983 4441 1021 4480 4-
1034 4430 1122 4480 ubi
1136 4431 1264 4482 dixit
1279 4432 1350 4479 ad
1361 4432 1480 4482 init.
1497 4449 1536 4482 c.
1577 4436 1721 4492 agri-

716 4499 892 4546 cola-t-
907 4504 983 4547 est
1015 4495 1141 4546 SPG.
1208 4496 1504 4548 dilexissetis
1534 4514 1649 4548 aur.
1681 4515 1719 4550 c.

716 4577 810 4611 om.
854 4565 1181 4638 gauderetis
1224 4563 1372 4627 lapsu
1418 4564 1483 4614 D.
1553 4567 1719 4622 qma:

717 4642 953 4691 quomam
973 4643 1092 4677 aar.
1115 4643 1155 4677 c.

782 4692 982 4741 XXXI.
1014 4699 1264 4751 presta-re
1282 4697 1418 4744 deo:
1448 4694 1544 4743 deo
1561 4694 1721 4746 facere

716 4758 828 4808 rell.
895 4764 955 4807 et
977 4764 1064 4822 pr.
1082 4757 1255 4808 4dicit
1277 4774 1316 4807 c.
1383 4773 1476 4809 om.
1510 4763 1720 4811 iterum

718 4823 767 4872 G
788 4838 907 4872 aur.
929 4839 970 4871 c.
1039 4829 1097 4872 et
1119 4839 1205 4873 sec.
1223 4838 1257 4873 4
1273 4825 1450 4874 iterum
1471 4840 1510 4873 c.

781 4887 1007 4938 XXXII.
1031 4889 1306 4939 subleuatis
1320 4905 1436 4939 aur.
1472 4894 1652 4940 oculis
1667 4903 1705 4942 4-

716 4952 983 5003 ᾶίιίῐὲΡῦ.
1035 4958 1218 5004 iesus:
1249 4971 1341 5005 om.
1362 4955 1440 5015 G;
1479 4956 1652 5006 4dixit
1671 4957 1719 5020 Q

715 5033 832 5068 aur.
856 5034 894 5067 c.
947 5019 1043 5069 inc.
1062 5020 1299 5069 XXXIII
1320 5026 1483 5078 pater
1502 5026 1594 5071 οδε
1617 5038 1719 5072 non

716 5089 777 5133 et
792 5087 1079 5134 duxerunt
1094 5085 1182 5144 ΞΡς
1217 5086 1315 5134 inc.
1331 5085 1541 5135 XXXII
1556 5093 1719 5145 pater

717 5152 827 5211 ⁸50,
845 5147 1083 5200 XXXIII
1100 5156 1158 5201 et
1175 5155 1462 5200 duxerunt
1542 5168 1658 5203 aur.
1676 5169 1715 5203 c.

713 5229 860 5327 1serua.
882 5215 1061 5346 Qdayss.
1078 5232 1116 5267 c.
1135 5222 1266 5331 lltuo
1281 5230 1316 5265 4
1333 5216 1384 5265 id
1405 5225 1481 5266 est
1538 5218 1716 5282 iscipu-

735 5295 794 5329 os
857 5295 895 5331 4
944 5295 991 5330 ei
1011 5295 1036 5330 c
1080 5298 1134 5331 re
1177 5320 1189 5333 .

884 5345 1034 5395 XIII.
1068 5354 1128 5396 et
1148 5362 1234 5397 sec.
1252 5361 1287 5398 4
1301 5347 1369 5397 ad
1389 5363 1506 5397 aur.
1530 5364 1570 5397 c.

781 5410 1068 5525 >cg-(XIIII.
1129 5421 1229 5463 *et
1284 5414 1356 5461 ad
1406 5414 1525 5464 init.
1582 5430 1717 5475 mer„

731 5490 769 5530 4
783 5491 816 5526 u
852 5491 869 5524 t
890 5492 931 5527 c.

1768 693 2298 755 SECUNDUM
2333 692 2381 751 I
2380 693 2555 754 OHA
2567 693 2873 754 NNEM.

2148 864 2185 911 J
2206 862 2489 927 (capitula).

1822 1145 2079 1203 XXXII.
2125 1143 2306 1216 Quod
2334 1143 2498 1203 Iesus
2537 1145 2710 1203 uinea
2753 1144 2826 1203 sit

1902 1250 1961 1300 et
1989 1248 2154 1317 pater
2181 1239 2437 1317 agricola
2463 1249 2521 1299 et
2559 1239 2823 1316 discipuli

1822 1344 2149 1488 Etmartgicos
2174 1446 2278 1487 eos
2297 1437 2477 1487 uocat
2504 1439 2559 1486 et
2588 1426 2825 1503 diligere

1904 1522 2081 1580 iubet.
2546 1536 2553 1541 ·

1820 1804 2112 1864 XXXIII.
2155 1804 2270 1863 Ubi
2309 1805 2447 1864 dicit
2476 1823 2613 1863 cum
2651 1822 2827 1863 uene-

1903 1900 1972 1957 rit
2033 1900 2359 1976 paracletus
2421 1900 2656 1959 docebit
2716 1916 2829 1958 uos

1903 1994 2119 2053 omnia.

1822 2088 2144 2147 XXXIIII.
2215 2087 2373 2148 Dicit
2451 2088 2589 2164 quia
2666 2096 2829 2165 pater

1905 2194 2062 2241 amat
2091 2182 2411 2259 discipulos
2440 2200 2596 2242 suos

1822 2277 1899 2336 Et
1939 2278 2101 2353 quod
2146 2278 2552 2355 dispergantur
2593 2277 2654 2334 in
2695 2294 2827 2354 pas-

1905 2372 2068 2430 sione
2098 2371 2239 2430 eius.

1822 2463 2075 2522 XXXV.
2105 2463 2222 2523 Ubi
2241 2463 2584 2524 honorificat
2601 2475 2827 2541 patrem

1905 2568 1962 2617 et
2003 2575 2113 2634 pro
2155 2558 2453 2635 discipulis
2501 2558 2618 2617 suis
2661 2567 2827 2634 rogat

1904 2663 1966 2711 ut
1993 2664 2300 2712 conseruet
2329 2670 2434 2712 eos
2464 2670 2499 2710 a
2526 2651 2700 2711 malo.

1823 2746 2105 2806 XXXVI.
2150 2746 2270 2805 Ubi
2292 2747 2460 2807 Iesus
2481 2746 2736 2805 introiuit
2765 2746 2825 2803 in

1904 2840 2138 2901 hortum
2152 2859 2170 2914 ;
2213 2852 2272 2901 et
2312 2841 2552 2900 traditur
2591 2841 2651 2899 in
2690 2857 2824 2917 pas·

1903 2936 2148 2995 sionem.

1821 3029 2134 3088 XXXVII.
2158 3028 2277 3088 Ubi
2294 3029 2600 3089 resurrexit
2617 3048 2653 3088 a
2670 3047 2825 3089 mor-

1904 3123 2047 3194 tuis;
2092 3132 2147 3182 et
2176 3123 2508 3181 nuntiatum
2536 3134 2620 3181 est
2653 3122 2823 3182 disci-

1902 3218 2053 3294 pulis
2080 3218 2217 3276 eiuS.

1825 3593 2176 3654 XXXVIII.
2220 3594 2340 3653 Ubi
2369 3596 2525 3654 uenit
2553 3596 2630 3655 ad
2659 3595 2826 3655 disci-

1905 3690 2074 3766 pulos
2119 3707 2257 3748 suos
2298 3699 2356 3748 et
2396 3688 2695 3752 Thomam
2737 3692 2824 3749 in·

1906 3793 2118 3860 crepat.

1825 3958 2204 4018 XXXVIIII.
2236 3958 2355 4017 Ubi
2375 3959 2540 4018 tertio
2559 3977 2621 4019 se
2639 3960 2825 4019 mani-

1909 4054 2133 4113 festauit
2188 4053 2484 4130 discipulis
2540 4055 2618 4114 ad
2665 4072 2825 4114 mare

1905 4148 2199 4208 tiberiadis
2218 4158 2275 4207 et
2296 4148 2673 4208 manducauit
2690 4166 2825 4207 cum

1905 4243 2030 4302 illis.

1889 4429 2082 4479 Subscr.
2150 4429 2506 4494 Explicuerunt
2584 4429 2823 4496 capitula·

1823 4495 1982 4546 tiones
2005 4501 2117 4546 ests.
2138 4495 2385 4545 iohannen
2405 4511 2547 4545 amen
2570 4497 2625 4545 J.

3801 707 3927 774 505

3051 862 3101 911 K
3115 862 3269 912 Harl.
3299 874 3426 926 2790
3446 863 3613 913 Nunc.
3639 864 3816 913 Bamb.

2929 1141 3218 1202 XXVIII.
3290 1142 3408 1201 Ubi
3486 1161 3695 1219 pacem
3765 1162 3934 1204 suam

3010 1236 3307 1313 discipulis
3335 1237 3581 1315 reliquit.

2928 1330 3247 1390 XXVIIII.
3290 1331 3410 1391 Ubi
3452 1331 3590 1391 dicit
3635 1350 3750 1410 ego
3800 1351 3931 1393 sum

3009 1426 3140 1485 uitis
3203 1445 3343 1485 uera
3410 1436 3467 1485 et
3531 1436 3695 1505 pater
3764 1446 3930 1488 meus

3008 1520 3280 1596 agricola.
3870 1523 3874 1526 ⁴

2930 1801 3125 1861 XXX.
3168 1801 3289 1861 Ubi
3312 1804 3447 1863 dicit
3469 1804 3580 1863 dfis
3602 1822 3737 1864 cum
3758 1823 3933 1865 uene-

3012 1897 3082 1954 rit
3143 1897 3470 1974 paraclytus
3525 1897 3619 1957 ille
3678 1899 3932 1959 testimo-

3013 1992 3174 2049 nium
3202 1992 3481 2067 perhibet.

2931 2461 3155 2520 XXXI.
3180 2460 3271 2521 De
3290 2461 3801 2523 commendatione
3821 2463 3933 2523 dis·

3012 2556 3336 2631 cipulorum
3415 2555 3668 2616 clarifica
3750 2557 3930 2616 filium

3011 2659 3192 2708 tuum.

2930 2741 3186 2801 XXXII.
3232 2742 3404 2802 Pater
3445 2750 3580 2803 scae
3623 2761 3792 2803 serua
3827 2762 3931 2804 eos

3010 2837 3070 2895 in
3112 2838 3351 2897 nomine
3393 2848 3495 2896 tuo
3538 2855 3688 2914 quos
3725 2837 3933 2897 dedisti

3010 2931 3168 2989 mihi.

2929 3024 3219 3084 XXXIII.
3265 3025 3383 3084 Ubi
3427 3025 3539 3085 dfis
3587 3025 3665 3085 ad
3712 3043 3930 3086 annam

3010 3118 3255 3178 ducitur.

2929 3307 3253 3368 XXXIIII.
3298 3308 3503 3368 Passio
3531 3309 3649 3369 dni.

2930 3494 3184 3556 XXXV.
3249 3495 3369 3555 Ubi
3441 3497 3552 3556 dfis
3621 3515 3929 3574 resurgens

3012 3590 3200 3649 ianuis
3245 3589 3455 3650 clausis
3496 3593 3762 3668 apparuit
3814 3591 3929 3651 dis-

3011 3683 3215 3760 cipulis
3257 3683 3395 3742 item
3440 3695 3572 3763 post
3622 3685 3746 3746 dies
3793 3697 3930 3747 octo

3011 3777 3270 3836 similiter
3311 3779 3598 3854 tertioque
3646 3780 3721 3838 ad
3770 3798 3930 3841 mare

3011 3871 3307 3930 tiberiadis
3347 3873 3705 3947 piscantibus
3754 3892 3929 3951 apos·

3000 3966 3141 4025 -tolis
3169 3983 3230 4024 se
3258 3968 3486 4043 prebuit
3508 3984 3579 4027 ac
3605 3979 3770 4044 petro
3794 3969 3931 4029 dicit

3008 4077 3183 4135 pasce
3217 4076 3360 4119 oues
3393 4078 3574 4119 meos.

2991 4426 3243 4477 XXVIII.
3280 4426 3515 4492 relinquit
3535 4428 3717 4479 Harl!

2992 4492 3158 4541 XXX.
3194 4492 3471 4559 paracletus
3493 4496 3657 4545 Nunc.

2990 4558 3187 4607 XXXI.
3221 4560 3702 4610 commendationem
3724 4561 3881 4611 Harl.

2990 4623 3240 4673 XXXIII.
3276 4623 3458 4673 dicitur
3476 4624 3623 4689 lapsu
3644 4625 3695 4675 K
3719 4626 3897 4677 Bamb.

2990 4688 3208 4739 XXXV.
3274 4705 3370 4740 om.
3414 4704 3714 4748 resurgens
3760 4693 3924 4742 Nanc.

2930 4760 2986 4811 >
3006 4751 3266 4818 discipulis
3304 4771 3335 4804 a
3373 4755 3536 4819 paruit
3569 4755 3723 4805 Harl.
3757 4757 3925 4807 Nunc.

2923 4819 3104 4869 Bamb.
3158 4820 3305 4870 tiberi
3366 4822 3377 4832 '
3420 4820 3600 4870 Bamb.
3650 4836 3769 4871 oues
3791 4837 3926 4872 meas

2925 4885 3079 4937 Harl.
3104 4885 3271 4937 Nunc.

2989 4951 3188 5001 Subscr.
3352 4952 3522 5004 liciunt
3589 4955 3808 5021 capitula
3872 4956 3924 5005 in

2923 5016 3186 5080 euangelio
3205 5017 3290 5067 ion
3382 5019 3755 5087 Bamb.(eiigl);
3788 5022 3931 5071 nihil

2923 5081 3105 5131 habent
3124 5083 3279 5133 Harl.
3302 5084 3465 5134 Nunc.
