4717 6400
859 677 946 762 36
1821 674 2276 737 CAPITULA
2326 674 2448 737 IN
2487 677 3128 740 EUANG'ELIUM

1355 850 1568 901 AUVY.

2586 848 2648 898 C.

3259 850 3442 899 ΒΗΘῦ
3448 848 3494 899 Τ
3514 866 3629 900 aur.
3654 851 3809 902 Harl.
3841 864 3982 916 2797.

862 941 1109 1002 LXXV.
1152 940 1499 1002 Temtantes
1546 942 1620 1001 de
1669 942 1883 1002 tributo
1931 960 2063 1001 cae-
2170 947 2439 1004 ΠῙῙῙ.
2477 947 2581 1003 De
2628 942 3073 1013 inscriptione
3170 940 3398 1000 XXIII.
3416 941 3510 1001 De
3530 943 3770 1002 denario
3782 941 4072 1004 Caesaris.

943 1056 1088 1096 saris

941 1131 1037 1190 uel
1107 1132 1376 1208 imaginis
1445 1130 1898 1206 interrogatione
1964 1129 2062 1188 de·

944 1225 1165 1295 struxit.

859 1316 1139 1378 LXXVI.
1181 1316 1274 1377 De
1314 1335 1506 1377 uxore
1551 1325 1775 1395 septem
1823 1315 2060 1375 fratrum

941 1421 1246 1472 temtantes
1302 1414 1579 1477 inrisores
1626 1411 2060 1470 resurrectionis

939 1505 1271 1565 incredulos
1299 1506 1489 1582 arguit
1518 1503 1900 1564 sadducaeos,

858 1598 1170 1659 LXXVII.
1214 1599 1307 1659 De
1337 1616 1557 1676 magno
1598 1598 1742 1675 legis
1780 1597 2059 1657 mandato

941 1703 1213 1753 temtatus
1254 1692 1553 1770 respondit
1602 1691 1924 1751 dilectionis
1964 1691 2060 1750 dei

939 1799 998 1847 et
1026 1789 1275 1865 proximi
1302 1787 1556 1864 primum
1584 1804 1730 1846 esse.

857 1881 1198 1941 LXXVIII.
1243 1881 1631 1958 Interroganti
1669 1880 1912 1940 domino
1956 1897 2056 1939 cu-

937 1978 1027 2036 ius
1082 1977 1233 2035 filius
1280 1986 1431 2035 esset
1480 1975 1724 2034 christus
1782 1992 1919 2034 cum
1965 1992 2057 2033 re-

937 2070 1306 2148 spondissent
1327 2066 1616 2147 pharisaei
1643 2068 1838 2140 dauid,
1857 2068 2055 2128 audito

935 2164 1234 2224 centesimi
1289 2163 1434 2224 noni
1498 2162 1709 2240 psalmi
1766 2162 2055 2239 principio

937 2268 1254 2317 tacuerunt.

854 2351 1230 2411 LXXVIIII.
1271 2351 1417 2411 Non
1471 2370 1624 2429 quae
1678 2350 1896 2411 faciunt
1952 2351 2054 2410 sed

934 2465 1085 2524 quae
1146 2446 1345 2506 dicunt
1408 2445 1693 2524 pharisaei
1760 2445 2053 2523 praecepit

932 2540 1297 2614 faciendum;
1363 2539 1750 2618 multipliciter
1793 2540 2054 2616 increpat

933 2635 1270 2713 pharisaeos
1312 2634 1386 2695 de
1434 2634 1748 2712 proselyt0,
1783 2633 1858 2694 de
1900 2634 2051 2692 iura-

932 2739 1150 2799 ment0,
1179 2729 1254 2789 de
1296 2729 1519 2789 camelo
1553 2739 1612 2788 et
1640 2728 1841 2800 culice,
1872 2728 2050 2788 calice

933 2834 991 2883 et
1033 2824 1248 2895 catino,
1296 2823 1693 2883 monumentis
1740 2841 1844 2883 eos
1885 2840 2051 2883 com-

933 2935 1150 2995 parans
1179 2917 1479 2978 dealbatis,

855 3022 1100 3083 LXXX.
1142 3023 1295 3083 Item
1323 3022 1512 3100 arguit
1531 3020 1868 3100 pharisaeos
1894 3020 2050 3081 aedi·

934 3118 1174 3177 ficantes
1216 3116 1519 3194 sepulchra
1551 3116 1965 3194 prophetarum
1994 3125 2051 3174 et

932 3212 1008 3271 ad
1064 3211 1411 3271 hierusalem
1468 3210 1606 3271 dicit
1665 3210 1896 3294 lapidas·
1948 3228 2050 3270 eos

934 3306 1034 3383 qui
1061 3305 1138 3365 ad
1166 3317 1223 3365 te
1250 3305 1412 3365 missi
1440 3315 1591 3363 sunt.

853 3399 1132 3459 LXXXI.
1180 3398 1499 3476 Discipulis
1568 3399 2052 3474 interrogantibus

934 3495 1171 3571 signum
1219 3493 1505 3553 aduentus
1553 3503 1611 3553 et
1661 3493 1793 3551 finis
1841 3492 2050 3551 saeculi

932 3589 1115 3647 multa
1144 3587 1407 3648 cauenda
1432 3587 1725 3664 praecipit.

852 3681 1164 3743 LXXXII.
1205 3681 1588 3759 Uigilandum
1629 3679 1911 3758 praedicit
1950 3698 2051 3738 ne-

930 3777 1240 3836 scientibus
1260 3776 1462 3836 horam
1486 3775 1772 3835 aduentus
1792 3773 1897 3845 sui,
1917 3774 2053 3831 sub-

931 3871 1114 3931 iciens
1168 3870 1506 3948 parabolam
1556 3869 1630 3929 de
1680 3869 1885 3929 decem
1935 3868 2051 3926 uir-

930 3965 1183 4041 ginibus.

850 4057 1193 4119 LXXXIII.
1235 4058 1584 4118 Parabolam
1614 4057 1755 4117 dicit
1797 4056 2050 4117 hominis

931 4155 1112 4213 tribus
1141 4154 1323 4213 seruis
1336 4153 1552 4212 talenta
1582 4152 1796 4213 diuersi
1824 4151 2051 4210 numeri

931 4247 1413 4307 commendantis.

850 4339 1227 4400 LXXXIIH.
1266 4341 1362 4399 Ex
1388 4340 1662 4401 omnibus
1689 4340 1961 4416 gentibus
1989 4339 2050 4396 in

929 4436 1145 4496 iudicio
1167 4436 1493 4514 positurum
1517 4452 1579 4493 se
1608 4433 1885 4511 praedicit
1906 4451 2050 4493 oues

930 4549 967 4589 a
995 4529 1228 4601 dextriS,
1257 4528 1443 4588 hedos
1466 4547 1507 4588 a
1534 4528 1795 4588 sinistris.

915 4676 1237 4729 LXXVIIII.
1273 4675 1498 4726 facienda
1529 4675 1581 4725 Τ
1571 4675 1701 4724 hom.

850 4809 898 4860 U
914 4741 1209 4795 LXXXIII.
1243 4744 1496 4804 numeri:
1530 4755 1766 4791 nummen
1788 4740 1852 4797 Y,
1868 4755 2048 4790 numen

1210 1036 1409 1097 dando
1500 1037 2064 1113 suprainscriptionis

2330 1044 2405 1098 et
2474 1037 2840 1110 hymagine
2913 1039 3073 1095 Cae-

2330 1149 2526 1192 sans.

2270 1226 2306 1284 i.
2349 1225 2445 1285 De
2469 1223 2717 1283 muliere
2755 1241 2911 1300 quae
2940 1241 3070 1299 sep-

2413 1330 2532 1378 tem
2562 1319 2764 1378 fratres
2792 1317 3008 1376 habuit.

2254 1413 2309 1472 ii.
2354 1413 2707 1490 Temptatus
2760 1430 2799 1471 a
2853 1410 3070 1471 fariseis

2411 1508 2731 1582 interrogat
2746 1524 2850 1565 eos
2864 1507 2937 1565 de
2947 1511 3069 1582 xpo

2409 1600 2575 1660 cuius
2604 1600 2753 1658 filius
2781 1610 2986 1659 aesset.

2227 1695 2300 1754 iii.
2341 1695 2418 1753 Et
2445 1693 2768 1772 discipulos
2790 1693 2893 1753 hut
2914 1712 3068 1772 quae

2369 1788 2560 1848 farisei
2577 1789 2778 1848 dicunt
2796 1788 2899 1848 sed
2917 1806 3068 1863 quae

2371 1882 2591 1942 faciunt
2619 1899 2744 1941 non
2773 1881 3002 1940 saciant.

2162 1976 2422 2036 XXIIII.
2453 1980 2774 2048 Increpat
2791 1978 3067 2036 Scribas

2366 2061 2731 2131 phariseos.

2325 2153 2421 2213 De
2470 2152 2750 2229 proselito
2799 2151 2874 2212 de
2916 2152 3063 2211 iura·

2240 2256 2445 2307 mento
2466 2247 2539 2305 de
2562 2245 2791 2305 camelo
2810 2256 2868 2305 et
2878 2246 3062 2306 culice

2241 2351 2300 2401 et
2321 2341 2500 2400 calice
2519 2349 2578 2399 et
2595 2340 2790 2400 catino
2805 2339 3063 2400 labando

2241 2445 2301 2494 et
2339 2436 2738 2495 monumentis
2780 2433 3062 2494 dealbatis

2240 2539 2300 2589 et
2368 2528 2769 2588 monumentis
2840 2528 3060 2605 profet-

2240 2641 2407 2683 arum
2427 2632 2487 2683 et
2505 2621 2632 2682 aliis
2659 2622 2874 2683 multis.

2157 3027 2350 3089 XXV.
2370 3031 2795 3091 Ihemsalem
2821 3031 3058 3089 Iheru-

2358 3128 2588 3184 salem.

2258 3220 2291 3276 i.
2334 3218 2428 3278 De
2456 3228 2742 3278 structura
2769 3216 2971 3295 templi
2998 3226 3056 3276 et

2400 3313 2583 3389 signis
2600 3311 3056 3371 nouissimorum

2400 3406 2626 3465 dierum
2708 3416 2768 3464 et
2852 3403 3056 3465 diebus

2400 3500 2684 3559 breuiatis.

2243 3593 2295 3651 ii.
2339 3592 2433 3653 De
2476 3593 2930 3670 pseudochristis
2995 3604 3056 3651 et

2399 3686 2939 3765 pseudoprophetis

2211 3781 2285 3840 iii.
2327 3780 2421 3841 De
2450 3781 2706 3840 aduentu
2739 3781 3055 3840 Saluatoris

2398 3886 2457 3935 et
2504 3875 2760 3934 hoccasu
2801 3873 3053 3934 elemen-

2399 3981 2607 4029 torum.

2186 4063 2278 4123 iiii.
2320 4063 2416 4124 De
2486 4063 2674 4122 decim
2738 4062 3055 4138 uirginibus

2399 4156 2492 4216 De
2520 4156 2801 4215 thalentis.

2234 4366 2283 4407 v.
2326 4345 2421 4405 De
2454 4346 2665 4404 ouibus
2693 4362 2729 4403 a
2748 4343 2970 4403 dextris
2997 4353 3056 4401 et

2396 4438 2564 4498 hedis
2619 4456 2656 4496 a
2704 4437 2957 4496 sinixtris
2996 4446 3056 4495 et

2396 4533 2470 4591 de
2499 4532 2775 4608 operibus
2804 4549 3026 4590 eorum.

2218 4668 2420 4718 XXIII.
2480 4669 2548 4717 iii.
2586 4671 2785 4717 dicunt
2832 4680 2870 4719 «ι-
2917 4665 3053 4716 fiant.

2153 4735 2269 4784 item
2294 4734 2415 4783 fiant
2434 4741 2532 4797 pro
2555 4733 2753 4784 saciant.

2217 4800 2382 4849 XXV.
2451 4800 2502 4848 ii.
2572 4800 2635 4850 de
2680 4807 2777 4864 pro
2830 4806 2879 4848 et
2936 4807 3054 4849 ante

2151 4865 2516 4932 pseudoproph.

3166 1221 3260 1282 De
3314 1223 3553 1283 muliere
3609 1241 3788 1301 quam
3841 1236 4067 1302 septem

3246 1316 3447 1377 fratres
3476 1316 3821 1377 habuerunt.

3166 1411 3267 1471 Ihs
3315 1421 3629 1488 temptatus
3669 1430 3708 1470 a
3749 1412 4065 1489 pharisaeis

3246 1504 3562 1583 interrogat
3583 1523 3689 1565 eos
3719 1506 3887 1566 cuius
3915 1507 4066 1568 filius

3246 1600 3319 1659 sit
3346 1600 3605 1659 christus

3162 1974 3423 2034 XXIIII.
3467 1976 3792 2054 Increpans
3839 1979 4061 2037 scribas

3242 2069 3417 2141 dicit3
3469 2088 3579 2129 uae
3622 2072 3793 2131 uobis
3834 2073 4059 2132 scribae

3239 2174 3298 2224 et
3324 2163 3632 2242 phafisaei.

3154 3034 3349 3095 XXV.
3417 3037 3693 3116 Arguens
3773 3038 4049 3100 inclamat

3232 3130 3594 3191 hierusalem.

3314 3226 3409 3285 De
3453 3227 3749 3287 occisione
3803 3229 4055 3306 prophe-

3235 3329 3443 3380 tarum.

3316 3414 3409 3474 De
3472 3415 3652 3492 signis
3704 3416 4053 3476 nouissimo-

3235 3526 3364 3567 rum
3393 3507 3637 3568 dierum.

3316 3790 3408 3850 De
3449 3790 3704 3850 aduentu
3731 3790 4058 3850 saluatoris

3310 4072 3403 4132 De
3432 4073 3637 4132 decem
3666 4072 4004 4150 uirginibus

3311 4166 3407 4226 De
3435 4166 3685 4227 talentis.

3309 4353 3407 4413 De
3474 4356 3684 4414 ouibus
3747 4374 3784 4414 a
3838 4354 4052 4413 dextris

3232 4456 3289 4506 et
3317 4447 3519 4507 haedis
3546 4467 3582 4508 a
3610 4448 3870 4508 sinistris,

3213 4701 3416 4751 XXIII.
3469 4716 3597 4766 quae
3647 4710 3835 4766 septem
3882 4702 4053 4751 fratres

3147 4766 3329 4817 dicitur
3351 4767 3581 4816 habuisse
3606 4766 3668 4827 Θ,
3705 4784 3829 4832 quae
3859 4775 4049 4832 septem

3148 4833 3317 4883 fratres
3337 4833 3512 4882 habuit
3536 4832 3632 4881 BH
3657 4848 3773 4881 aur.
3829 4848 3923 4883 om.
3950 4847 4049 4882 eos

3146 4899 3304 4948 Harl.
3353 4906 3480 4962 2797
3525 4913 3642 4947 aur.
3745 4898 3876 4948 filius
3919 4905 4048 4948 esset

3148 4964 3314 5024 ΒΗΘ,
3337 4962 3370 5013 f.
3394 4972 3470 5013 est
3491 4979 3610 5013 aur.

3210 5029 3375 5080 XXV.
3398 5044 3494 5078 om.
3517 5042 3759 5087 mens
3782 5031 4049 5078 inclamat

3147 5094 3283 5144 ΒΗ]
3305 5110 3319 5144 ε
3359 5101 3458 5159 pro
3489 5109 3604 5152 arg.
3639 5097 3769 5143 incl.
3805 5100 3927 5151 etc.;
3973 5094 4046 5142 in-

3144 5160 3364 5223 crepatio
3398 5160 3619 5209 ciuitatis
3649 5159 3965 5209 Hierusalem
3999 5161 4047 5207 Θ

3141 5241 3258 5274 aur.
3271 5228 3387 5286 (om.
3405 5225 3582 5286 Hier.),
3594 5224 3907 5274 Hierusalem
3925 5225 4048 5272 Hie·

3142 5291 3356 5340 rusalem
3379 5290 3490 5341 BH.
3531 5307 3625 5340 om.
3649 5295 3720 5340 de
3746 5305 3860 5339 ooo.
3885 5304 4046 5346 prop.

3149 5356 3280 5405 BHJ
3306 5356 3461 5407 Harl.
3483 5367 3543 5419 27
3582 5367 3625 5419 7.

3139 5421 3274 5472 tione
3291 5422 3356 5470 Θ.
3408 5430 3509 5473 -n-et
3569 5423 3650 5487 api
3689 5457 3701 5468 .
3729 5420 4044 5469 Hierusalem

3141 5486 3433 5538 hierusalem
3455 5504 3569 5537 aur.
3587 5502 3680 5537 om.
3697 5501 3732 5536 a
3747 5488 3964 5536 dextris
3977 5487 4040 5534 Θ.

3704 5394 3715 5405 .
3733 5369 3767 5402 4-
3782 5362 3833 5403 et
3855 5354 4045 5419 lapida-
