4717 6400
828 692 953 755 288

1151 862 1356 912 AHVY
1368 862 1527 911 Harl.
1555 870 1698 924 2797.

824 955 1016 1015 XLII.
1078 954 1388 1015 Confessio
1444 953 1630 1013 laudis
1685 953 1746 1010 in
1808 951 2025 1029 gaudio

904 1050 1144 1110 refertur
1163 1049 1241 1109 ad
1261 1059 1487 1127 patrem
1514 1058 1830 1125 postquam
1857 1045 2026 1105 infert

906 1145 1125 1221 priores
1181 1144 1364 1204 iustos
1419 1161 1573 1221 quae
1638 1141 1842 1202 uident
1906 1140 2024 1200 dis-

905 1238 1079 1316 cipuli
1107 1255 1229 1297 non
1257 1236 1492 1296 uidisse.

823 1613 1050 1674 XLIII.
1092 1613 1459 1691 Legisperito
1500 1614 1574 1673 de
1623 1614 1745 1672 uita
1791 1621 2026 1671 aeterna

903 1718 1217 1785 quaerente
1246 1717 1302 1766 et
1332 1708 1461 1785 quis
1491 1707 1613 1766 eius
1642 1716 1794 1766 esset
1829 1707 2023 1783 proxi-

903 1819 1037 1860 mus
1065 1802 1395 1861 sciscitante
1425 1801 1645 1860 inducit
1682 1800 2024 1878 parabolam

902 1896 1188 1955 uulnerati
1227 1896 1322 1955 cui
1364 1895 1659 1955 conlatam
1699 1914 1736 1954 a
1780 1895 2025 1955 samari-

903 2000 1044 2049 tano
1086 1989 1544 2050 misericordiam
1577 1989 1857 2066 praecipit
1896 1988 2025 2047 lmi-

907 2083 1163 2142 tandam.

826 2270 1085 2331 XLIIII.
1114 2271 1453 2344 Querellam
1471 2272 1850 2331 ministrantis
1867 2289 2024 2330 mar-

904 2366 1038 2426 thae
1066 2365 1139 2424 de
1167 2384 1368 2426 sorore
1395 2383 1520 2424 non
1548 2382 1679 2424 eam
1711 2366 2023 2425 adiuuante

902 2460 1186 2537 optimam
1227 2477 1360 2520 eam
1393 2469 1619 2537 partem
1652 2458 1897 2535 elegisse
1936 2459 2022 2518 di-

902 2553 1093 2613 cendo
1122 2554 1459 2632 compescit.

821 2646 1010 2707 XLV.
1070 2646 1360 2708 Normam
1420 2648 1700 2707 orationis
1762 2646 2022 2725 quinque

900 2742 1250 2820 petitionum
1320 2753 1559 2819 rogatus
1628 2761 1665 2802 a
1734 2741 2019 2819 discipulo

899 2836 1086 2895 tradit.

820 2929 1040 2990 XLVI.
1081 2930 1275 2990 Amici
1298 2942 1414 2990 tres
1434 2949 1616 3007 panes
1635 2931 1830 2990 media
1845 2942 2022 2990 nocte

901 3024 1066 3101 petiti
1088 3022 1429 3101 parabolam
1449 3041 1680 3100 ponens
1700 3024 2019 3101 petendum

901 3116 1302 3196 quaerendum
1360 3115 1832 3196 pulsandumque
1887 3136 2019 3195 per-

901 3213 1110 3272 suadit.

815 3492 1070 3554 XLVII.
1113 3491 1351 3552 Mutum
1380 3494 1826 3555 daemoniacum
1855 3495 2017 3568 resti-

900 3597 1028 3647 tuto
1065 3598 1230 3646 curat
1269 3587 1506 3664 eloquio
1542 3599 1600 3647 et
1636 3590 1697 3647 in
1730 3589 2018 3649 belzebub

899 3681 1035 3740 talia
1060 3700 1197 3740 eum
1221 3699 1394 3759 posse
1416 3682 1676 3742 dicentes
1696 3682 1771 3742 de
1792 3694 2017 3743 armato

896 3775 1136 3835 fortiore
1178 3774 1407 3835 deuicto
1448 3786 1506 3835 et
1548 3776 1620 3835 de
1661 3778 1866 3854 spiritu
1907 3778 2016 3835 im-

898 3868 1121 3928 mundo
1170 3869 1620 3946 septempliciter
1667 3872 1727 3930 in
1779 3871 2017 3932 homine

899 3979 1169 4040 regresso
1198 3962 1505 4039 redarguit.

815 4054 1100 4116 XLVIII.
1141 4055 1510 4115 Exclamanti
1533 4057 1760 4117 mulieri
1783 4060 2016 4118 beatum

896 4168 1026 4210 esse
1079 4159 1344 4209 uentrem
1393 4151 1495 4229 qui
1544 4168 1679 4210 eum
1727 4163 2015 4228 portasset

895 4241 1194 4321 respondit
1254 4262 1380 4303 esse
1434 4263 1569 4304 eum
1624 4245 1860 4304 beatum
1916 4246 2017 4324 qui

895 4337 1210 4397 seruauerit
1238 4339 1482 4397 uerbum
1512 4338 1606 4398 dei
1638 4348 1696 4397 et
1732 4339 1807 4399 de
1844 4341 2016 4417 signo

896 4432 1068 4492 ionae
1100 4431 1303 4491 dicens
1337 4433 1599 4509 reginam
1633 4433 1812 4493 austri
1853 4451 2014 4494 com-

895 4536 1203 4585 memorat.

877 4711 1044 4761 XLII.
1097 4718 1152 4766 >
1168 4711 1387 4761 edjoetur
1430 4712 1545 4775 (sic)
1597 4710 1649 4761 in
1704 4713 1891 4777 gaudio
1942 4714 2015 4764 H.

811 4780 994 4827 luston
1010 4791 1044 4825 -ι-
1060 4777 1279 4826 uoluisse
1300 4777 1468 4827 uidere
1491 4777 1564 4826 H.
1630 4793 1781 4829 nont
1816 4795 1906 4829 nec
1929 4780 2000 4829 H.

878 4842 1073 4892 XLIII.
1143 4842 1360 4892 asserenti
1384 4878 1397 4891 .
1434 4879 1448 4891 .
1484 4881 1496 4894 .

810 4909 1079 4959 suscitante
1152 4946 1165 4958 .
1233 4908 1486 4973 praecepit
1512 4908 1563 4957 H
1581 4909 1738 4958 Harl.

808 4973 1105 5092 mffldv'lf
1121 4972 1185 5037 (i.
1198 4988 1240 5023 e.
1254 4973 1342 5034 ad)
1359 4974 1633 5039 disdpulos
1653 4974 1756 5023 HY
1768 4975 1857 5025 sed
1872 4977 2015 5027 male.

921 5042 936 5089 i
973 5039 1014 5089 it
1094 5074 1108 5088 .

878 5105 1063 5154 XLVL
1097 5107 1268 5163 petiti
1289 5122 1301 5155 :
1325 5106 1513 5170 petenti
1531 5105 1713 5156 Harl.⁰
1771 5107 2016 5172 persuasit

812 5170 866 5220 H
871 5171 1174 5284 §persuadet
1196 5171 1244 5219 V
1259 5172 1415 5220 Harl.

931 5235 1095 5286 LVII.
1130 5239 1357 5295 eloquio
1378 5252 1474 5286 om.
1500 5233 1593 5286 A*.

876 5301 1119 5352 XLvnI.
1161 5308 1216 5357 >
1235 5317 1349 5351 eum
1366 5316 1471 5352 csse
1488 5302 1536 5350 V
1554 5318 1569 5362 3
1609 5310 1664 5358 >
1685 5303 1886 5354 beatum
1904 5319 2011 5355 esse

807 5366 1067 5432 respondit
1087 5382 1201 5417 eum
1226 5366 1296 5416 H.

1533 4843 1806 4895 sciscitanti
1837 4845 2019 4895 Harl.⁶

1782 691 1887 753 CA
1901 688 2238 750 PJTULA
2290 689 2413 750 IN
2451 686 3092 749 EUANGE'LIUM

2496 858 2654 921 C(T).
3135 854 3584 919 BoJ(breues)ox
3594 856 3716 905 Par.
3728 856 3843 906 Lat.
3858 856 4030 919 10438.

2210 951 2289 1010 Et
2343 950 2583 1011 homnia
2628 951 2734 1010 sibi
2782 969 2818 1009 a
2865 960 3030 1026 patre

2291 1045 2500 1105 tradita
2515 1043 2842 1103 manifestat
2851 1059 3029 1120 quem

2293 1140 2593 1198 neminem
2664 1138 2774 1197 nisi
2844 1137 3028 1197 filium

2292 1252 2469 1293 nosse
2496 1232 2772 1293 declarat.

2210 1326 2540 1405 Beatosque
2610 1327 2858 1387 hoculos
2927 1326 3029 1404 qui

2292 1422 2542 1481 uiderint
2587 1422 2647 1481 id
2687 1421 2850 1499 quod
2896 1439 3029 1498 pro-

2292 1516 2480 1593 phetis
2509 1533 2631 1576 non
2659 1516 2919 1593 contigit.

2209 1612 2264 1669 A
2318 1610 2655 1687 legisperito
2716 1618 3029 1686 temptatus

2290 1704 2569 1764 mandata
2596 1705 2696 1763 dat
2724 1722 2876 1782 quae
2906 1703 3029 1762 fieri

3132 1625 3169 1667 a
3217 1607 3549 1686 legisperito
3605 1618 3881 1669 temtatus
3931 1611 4032 1671 dat

3214 1703 3556 1780 parabolam
3613 1722 3649 1762 a
3709 1703 4032 1764 latronibus

2292 1799 2578 1875 praecipit
2607 1798 2899 1858 dominus,
3211 1797 3579 1858 uulneratum
3596 1816 3772 1876 quem
3791 1799 4031 1858 samari-

2191 1892 2543 1953 Parabulam
2553 1893 2836 1952 uulnerati
2850 1908 3033 1968 quem
3214 1903 3385 1951 tanus
3412 1893 3805 1953 misericordia
3836 1905 4033 1954 motus

2293 1986 2466 2045 leuita
2477 1997 2535 2045 et
2545 1985 2846 2046 sacerdote
2864 2003 3028 2062 prae·
3212 1986 3433 2062 colligit

2294 2089 2559 2139 tereunte
2643 2080 3030 2139 samaritanus

2291 2174 2525 2251 colligit.

2210 2270 2372 2347 Aput
2391 2278 2637 2328 martam
2656 2278 3028 2345 partemcon·
3133 2269 3292 2347 apud
3326 2269 3613 2328 martham
3651 2270 3866 2330 mariae
3895 2289 4029 2348 par-

2290 2363 2508 2423 laudat.
3212 2374 3331 2425 tem
3358 2363 3689 2424 conlaudat.

3131 2648 3237 2707 XI.
3283 2647 3627 2708 Orationem
3673 2647 3846 2707 docet
3892 2665 4027 2707 cum

3210 2740 3489 2820 parabola
3527 2741 3893 2819 importunae
3922 2760 4023 2820 pa·

3210 2837 3303 2896 nis
3331 2855 3367 2895 a
3395 2836 3591 2895 uicino
3619 2834 3966 2913 postulantis

2126 2648 2251 2706 XI.
2337 2649 2501 2706 Post
2602 2648 3027 2705 horationem

2287 2743 2637 2812 propriam
2677 2745 2880 2800 docet
2912 2744 3025 2799 ho-

2287 2837 2642 2894 rationem.

2205 2927 2282 2987 Et
2323 2928 2668 3005 parabulam
2700 2927 2866 3004 ponit
2902 2927 3026 2986 eius

2288 3023 2390 3100 qui
2417 3031 2656 3099 propter
2682 3022 2899 3080 tedium
2927 3021 3027 3079 dat

2284 3117 2598 3194 postulanti
2628 3134 2864 3193 panem.

2204 3212 2534 3272 Petendum
2589 3229 2717 3271 esse
2774 3228 3020 3288 queren-

2285 3305 2427 3364 dum
2454 3314 2513 3364 et
2540 3304 2889 3383 pulsandum
2919 3323 3018 3364 ex-

2286 3400 2496 3476 emplis
2523 3399 2820 3459 adserens

2201 3493 2600 3553 Daemonium
2656 3493 2908 3553 aeiciens
2957 3494 3018 3552 in

2282 3588 2546 3665 principe
2679 3588 3017 3648 daemonio-

2281 3700 2412 3741 rum
2485 3682 2545 3741 id
2615 3700 2751 3741 eum
2829 3681 3017 3741 facere

2281 3776 2582 3854 phariseos
2611 3777 2905 3836 destruxit.

3123 3491 3473 3550 daemonem
3515 3490 3730 3549 eiciens
3766 3490 3828 3548 in
3866 3490 4024 3566 prin-

3204 3585 3334 3662 cipe
3373 3584 3815 3644 daemoniorum
3850 3582 3910 3643 id
3940 3583 4023 3642 fa-

3203 3697 3332 3739 cere
3361 3679 3569 3738 dicitur

2203 4057 2535 4137 Beatosque
2583 4058 2721 4118 dicit
2766 4060 2867 4137 qui
2915 4078 3015 4118 au-

2282 4153 2449 4212 diunt
2477 4154 2722 4212 uerbum
2750 4153 2860 4212 dei.

2198 4244 2368 4307 Dans
2398 4248 2630 4323 signum
2661 4248 2851 4307 ionae.

2201 4340 2252 4398 E
2278 4342 2514 4417 reginae
2544 4341 2739 4400 austri.

2198 4433 2276 4493 Et
2303 4435 2591 4493 nineuites
2618 4435 2757 4494 dicit
2785 4435 2847 4493 in
2870 4434 3015 4493 iudi-

2282 4529 2380 4588 cio
2408 4527 2529 4588 fore
2560 4530 2782 4587 beatos·

3119 4259 3176 4310 et
3205 4252 3306 4311 dat
3333 4251 3566 4329 signum
3594 4252 3766 4312 ionae

2183 4715 2252 4765 X.
2285 4716 2564 4763 uiderint:
2594 4713 2817 4764 uiderent
2841 4716 3015 4765 Thone.

2117 4785 2428 4839 amptum
2454 4796 2466 4829 ε
2521 4786 2792 4845 temptatur
2843 4780 3015 4830 Thone.

2115 4863 2210 4897 om.
2228 4849 2328 4895 dat
2354 4845 2528 4895 Thom,
2594 4852 3012 4903 praetereunte:

2115 4910 2538 4977 praetereuntibus
2589 4911 2655 4961 al.
2701 4918 2780 4975 ap.
2840 4913 3010 4963 Thorn.

2115 4983 2355 5027 martam
2369 4987 2406 5026 -ι-
2421 4976 2607 5026 mariae
2636 4976 2807 5026 Thom.

2183 5044 2276 5093 XI.
2332 5045 2608 5099 exemplis
2629 5059 2641 5093 z
2727 5042 3012 5107 exemplum
3180 5044 3273 5093 XI.

2114 5109 2396 5158 Alex.10et
2418 5108 2532 5157 Uat.
2581 5110 3009 5159 ideumfaoere:

2112 5174 2245 5223 idem
2262 5174 2354 5223 sac.
2374 5174 2426 5221 T
2416 5173 2571 5231 hortm
2599 5172 2650 5222 id
2666 5173 2757 5222 sac.
2768 5174 2916 5224 Alex.
2934 5187 3009 5237 14.

3184 4716 3250 4766 X.
3287 4732 3322 4765 a
3352 4719 3548 4776 lezi-p.
3582 4723 3887 4769 tentatus:
3931 4717 4018 4769 ubi

3117 4781 3212 4830 dns
3283 4798 3314 4830 a
3387 4782 3401 4831 l
3470 4783 3481 4795 ⁸
3510 4784 3673 4848 perito
3749 4791 4018 4848 temptatur

3127 4848 3298 4910 10438.
3366 4864 3433 4898 uu
3488 4849 3609 4899 erati
3640 4850 3818 4900 BOJO
3842 4851 4012 4899 Thone.

3115 4919 3335 4962 motus:
3370 4922 3652 4965 commotus
3679 4916 3744 4965 Θ.
3812 4916 4016 4980 collegit

3117 4978 3242 5027 ΒΘῦ
3256 4978 3426 5028 Thom.

3113 5109 3250 5160 oso
3260 5044 3781 5174 Tffmmboffloffi}
3796 5126 3831 5163 ψ
3845 5062 4016 5176 3ἷῖῪῖ

2827 5239 2838 5250 .
3110 5179 3457 5232 postulanti·
3481 5177 3779 5254 (postulanti
3807 5179 3908 5240 O):
3948 5178 4014 5228 ab

2110 5243 2412 5356 {ms
2455 5242 2676 5367 522³}
2698 5248 3011 5370 ..sess
3109 5255 3409 5356 ama
3442 5242 4013 5375 Psss‘sspffi‘ffx..

2112 5370 3009 5500 2⁵22..¹².¹2,³‘¹1525.3³.{?.3'“p3222..25
3107 5370 3200 5423 ⁰⁴¹·
3260 5374 3559 5424 mmm
3580 5375 3636 5425 ³·

2110 5501 2371 5566 opinantes
2424 5499 2678 5550 destruxit.
2767 5517 2860 5550 om.
2909 5505 3004 5552 dei
