4717 6400
0 6203 245 6308 ,ΠΙ-Ρ
279 6200 407 6328 2⁴(

2433 630 2523 693 vii

1077 875 1792 960 PRAEFATIO
1886 877 2572 960 EDITORUM
2663 880 3912 967 PROLEGOMENORUM

1481 1041 1799 1124 LOCO
1884 1040 2684 1126 EUANGELIIS
2777 1044 3528 1129 PRAEMISSA.

1516 1352 1685 1418 CAP.
1734 1354 1787 1417 1.
1876 1353 1979 1419 De
2020 1356 2227 1437 operis
2268 1357 2522 1419 ratione
2563 1365 2628 1419 et
2664 1354 2744 1420 de
2785 1354 3275 1440 dzfficultatibus
3316 1359 3472 1421 eius.

1080 1489 1447 1557 UNDECIM
1480 1492 1616 1557 fere
1658 1494 1812 1558 anni
1853 1493 2057 1576 elapsi
2099 1502 2255 1558 sunt
2291 1516 2382 1559 ex
2427 1515 2562 1577 quo
2605 1495 2817 1558 editor
2856 1496 3008 1559 huic
3049 1494 3281 1571 labori,
3312 1505 3577 1559 textum
3625 1515 3712 1561 sc.
3755 1494 3995 1560 Hiero·

991 1594 1372 1675 nymianum
1427 1596 1611 1660 Noui
1670 1597 2085 1662 Testamenti
2145 1618 2232 1661 ex
2294 1598 2632 1664 codicibus
2690 1598 2981 1680 antiquis
3042 1599 3331 1675 eruendi,
3377 1620 3646 1663 manum
3706 1599 3990 1682 primam

990 1698 1316 1781 adposuit.
1407 1699 1599 1783 Opus
1642 1722 1802 1765 sane
1853 1702 1944 1765 ob
1990 1701 2482 1767 multitudinem
2535 1702 2804 1765 testium
2852 1712 2918 1766 et
2964 1702 3353 1766 uarietatem
3398 1703 3875 1779 recensionum,
3919 1713 3995 1768 ut

989 1821 1218 1867 omnes
1254 1803 1435 1868 docti
1475 1804 1706 1880 sciunt,
1737 1804 2002 1869 difficile
2032 1814 2150 1869 est.
2245 1806 2324 1869 In
2355 1826 2492 1887 quo
2523 1803 2736 1869 multa
2767 1806 3038 1888 quidem
3081 1826 3199 1889 per
3242 1805 3369 1870 hoc
3410 1816 3677 1890 tempus
3717 1806 3995 1871 clariora

988 1910 1360 1985 euenerunt,
1412 1908 1531 1972 sed
1584 1906 1793 1971 multa
1854 1908 1986 1971 iam
2035 1908 2240 1971 dubia
2290 1919 2464 1987 sunt,
2512 1909 2900 1991 praesertim
2949 1929 3100 1973 cum
3154 1910 3346 1992 pauci
3398 1910 3464 1972 in
3515 1910 3644 1973 hoc
3688 1909 3990 1974 codicum

991 2008 1380 2075 Latinorum
1418 2011 1823 2095 labyrintho
1874 2011 1992 2075 fidi
2047 2013 2251 2076 duces
2313 2014 2707 2077 exstiterint.
2800 2011 2982 2096 Quid
3036 2013 3560 2078 antecessoribus
3613 2013 3749 2076 suis
3794 2013 3993 2077 Desi-

991 2113 1170 2179 derio
1246 2114 1552 2191 Erasmo,
1614 2115 1919 2180 Roberto
1983 2113 2343 2199 Stephano,
2410 2116 2552 2181 Ioh.
2631 2116 2696 2178 H
2705 2116 2987 2194 enteni0,
3027 2115 3349 2181 ‚Antonio
3413 2114 3708 2194 Carafae,
3769 2115 3994 2180 Lucae

989 2216 1329 2299 Brugensi‚
1378 2218 1630 2283 Iacobo
1684 2218 1959 2301 Lelong,
2006 2219 2299 2283 Ricardo
2361 2217 2611 2299 Simon,
2663 2220 2954 2285 Ricardo
3007 2219 3326 2295 Bentlei0,
3373 2219 3654 2284 Iohanni
3701 2219 3994 2296 Walker,

990 2321 1077 2383 D.
1114 2320 1394 2401 Caslei0‚
1428 2323 1708 2387 Iohanni
1751 2323 2188 2401 Martianaeo,
2221 2323 2421 2388 Petro
2472 2321 2794 2400 Sabatier‚
2828 2321 3072 2387 Carolo
3111 2322 3522 2401 Vercellone,
3554 2321 3994 2387 Constantino

989 2425 1433 2505 Tischendorf,
1454 2426 1527 2489 F.
1556 2426 1644 2489 H.
1665 2426 1753 2490 A.
1781 2424 2146 2501 Scrivener‚
2166 2427 2430 2491 Brooke
2463 2426 2632 2492 Foss
2653 2426 2984 2492 Waetcott
3014 2435 3081 2490 et
3113 2426 3188 2489 F.
3217 2427 3271 2489 I.
3295 2425 3386 2491 A.
3412 2427 3605 2505 Hort,
3629 2427 3994 2508 ceterisque

988 2529 1099 2611 qui
1144 2529 1250 2593 his
1293 2530 1532 2593 studiis
1575 2529 1789 2595 lucem
1830 2529 2171 2595 attulerint
2211 2530 2380 2595 haec
2420 2551 2621 2612 opera
2667 2540 2894 2596 nostra
2933 2530 3252 2608 debuerit,
3284 2531 3528 2614 partim
3571 2530 3638 2593 in
3684 2529 3995 2595 fasciculo

988 2633 1205 2714 primo
1232 2642 1541 2697 textuum
1575 2643 1874 2698 ueterum
1907 2634 2296 2699 Latinorum
2333 2633 2584 2699 Oxonii
2617 2634 2941 2698 editorum
2973 2635 3106 2699 iam
3139 2641 3578 2697 monstratum
3609 2643 3708 2697 est
3722 2631 3768 2695 ¹.
3856 2631 3993 2699 Sed

989 2755 1181 2815 nemo
1210 2756 1297 2801 ex
1328 2734 1809 2819 his,„quantum
1841 2738 2102 2812 scimuS,
2134 2738 2398 2802 codices
2430 2738 2495 2801 in
2525 2737 2825 2812 familia5‚
2858 2758 3023 2820 quas
3056 2737 3261 2803 critici
3293 2745 3555 2811 uocant,
3586 2736 3992 2820 distinguere

987 2860 1183 2904 ausus
1226 2849 1349 2914 est,
1393 2861 1513 2907 nec
1560 2841 1779 2906 forsan
1824 2843 2021 2906 etiam
2070 2862 2242 2906 nunc
2289 2862 2461 2923 quae
2505 2840 2675 2907 inter
2711 2842 2946 2906 uarios,
2976 2840 3189 2905 fontes
3235 2841 3406 2904 ratio
3451 2839 3716 2904 intersit.
3748 2841 3993 2925 diserte

989 2944 1235 3026 exponi
1272 2954 1494 3027 potest
1518 2939 1564 3006 ².

1076 3047 1334 3112 Causae
1377 3049 1553 3113 enim
1601 3058 1733 3113 tres
1777 3057 1932 3113 sunt
1978 3069 2068 3112 ex
2113 3048 2354 3131 quibus
2399 3047 2642 3114 librarii
2688 3050 2754 3111 in
2802 3058 2997 3113 textu
3051 3047 3485 3113 describendo
3528 3047 3659 3111 huc
3704 3047 3858 3112 illuc
3904 3048 3991 3111 ab

987 3151 1351 3236 archetypo
1392 3151 1920 3236 Hieronymiano
1960 3151 2134 3217 trahi
2182 3160 2504 3235 poterant,
2529 3152 2895 3237 ‚praecipue
2939 3151 3007 3216 in
3057 3150 3460 3235 Euangeliis.
3551 3150 3845 3216 Primum
3892 3160 3991 3216 est

987 3257 1388 3322 desiderium
1437 3277 1571 3339 quo
1617 3257 2035 3322 tenebantur,
2070 3257 2263 3321 unius
2308 3257 2595 3321 cuiusuis
2642 3256 2991 3340 Euangelii
3038 3256 3433 3320 emendandi
3479 3255 3990 3339 adexemplum

986 3361 1284 3439 aliorum,
1330 3369 1403 3423 ut
1449 3361 1610 3424 nihil
1656 3360 1836 3443 quod
1881 3360 1968 3426 ad
2013 3380 2278 3425 sensum
2326 3360 2766 3425 necessarium
2812 3360 2918 3425 uel
2965 3361 3127 3425 utile
3176 3361 3507 3425 uideretur
3564 3357 3991 3437 omitterent3

986 3465 1199 3528 ‘unde
1228 3464 1466 3529 accidit
1490 3460 1506 3485 '
1540 3474 1614 3528 ut
1655 3464 1873 3528 uerbis
1915 3463 2458 3545 Hieronymianis
2497 3472 2761 3527 utamur
2791 3468 2897 3528 ‘ut
2926 3464 3104 3548 apud
3144 3484 3265 3528 nos
3302 3465 3520 3528 mixta
3559 3464 3689 3526 sint
3730 3461 3990 3528 omnia.'

987 3566 1295 3632 Secunda
1341 3576 1441 3632 est
1494 3568 1861 3632 recordatio
1909 3568 2150 3631 ueteris
2200 3567 2782 3649 interpretationiS,
2836 3568 2941 3631 uel
2988 3565 3160 3630 illius
3203 3587 3377 3650 quae
3424 3566 3845 3649 Hieronymo
3905 3567 3991 3631 ad

986 3691 1220 3735 manus
1263 3671 1464 3735 fuisse
1506 3671 1836 3736 credenda
1869 3671 1975 3749 sit,
2020 3668 2128 3735 uel
2171 3670 2340 3734 alius
2386 3671 2727 3735 cuiusdam
2772 3691 2943 3753 quae
2987 3671 3241 3735 scribae
3286 3690 3406 3753 per
3450 3691 3523 3734 se
3575 3680 3736 3735 nota
3777 3670 3991 3734 fuerit.

986 3774 1163 3839 Huic
1209 3776 1409 3839 etiam
1456 3777 1953 3840 adnumeranda
2005 3785 2107 3840 est
2159 3775 2532 3839 recordatio
2584 3772 2752 3838 alius
2798 3774 3114 3840 uersionis
3161 3774 3725 3856 Hieronymianae
3772 3772 3878 3837 uel
3922 3774 3990 3836 in

985 3879 1399 3961 expositione
1440 3889 1761 3963 perpetua
1807 3878 2169 3961 Euangelii,
2207 3888 2280 3941 ut
2323 3878 2390 3941 in
2423 3877 2730 3942 Mattheo
2760 3877 3042 3941 subinde
3082 3878 3380 3954 occurrit,
3412 3877 3851 3960 reperiendae,
3882 3875 3990 3941 uel

985 4004 1074 4046 ex
1102 3981 1248 4047 aliis
1280 3983 1590 4064 operibus
1633 3983 1770 4047 eius
1815 3982 2147 4047 collectae.
2238 3982 2467 4046 Tertia
2512 3991 2613 4046 est
2654 3981 2967 4046 correctio
3014 4002 3101 4045 ex
3142 3980 3480 4046 codicibus
3517 3979 3788 4045 Graecis
3818 3999 3991 4062 quae

984 4087 1213 4151 scribis
1263 4096 1529 4169 praesto
1573 4086 1836 4166 fuerint,
1881 4106 2050 4169 quae
2100 4084 2452 4169 praecipue
2502 4085 2681 4167 apud
2726 4084 3344 4168 Anglo-Britannos
3393 4094 3460 4148 et
3508 4083 3841 4148 Hibernos
3886 4084 3987 4148 di-

985 4191 1214 4274 gnosci
1253 4199 1472 4273 potest
1509 4190 1624 4254 sed
1662 4190 1865 4254 etiam
1901 4192 1969 4253 in
2010 4189 2396 4273 Euangeliis
2426 4188 2887 4253 Ambrosianis
2917 4185 3049 4273 (M)
3080 4197 3147 4251 et
3186 4186 3348 4252 alias
3377 4187 3656 4252 subinde
3691 4197 3990 4269 apparet.

986 4293 1124 4359 Sed
1156 4294 1396 4375 quibus
1426 4302 1493 4358 et
1525 4293 1828 4375 qualibus
1856 4292 2196 4357 codicibus
2228 4292 2327 4356 usi
2358 4292 2491 4356 sint
2522 4301 2938 4369 correctoreS,
2967 4302 3037 4357 et
3067 4292 3309 4374 quibus
3349 4291 3608 4375 legibus
3644 4290 3711 4354 in
3742 4292 3990 4355 utendo

985 4397 1472 4481 circumscripti,
1523 4397 1811 4462 iudicare
1854 4398 1972 4460 uix
2018 4417 2391 4480 possumus.
2506 4396 2633 4460 His
2687 4405 2753 4460 et
2797 4394 3124 4461 similibus
3167 4396 3254 4460 de
3290 4396 3502 4459 causis
3546 4394 3876 4458 nobismet
3923 4395 3990 4458 in

985 4503 1311 4586 praesenti
1354 4511 1805 4583 temperamus
1850 4521 1933 4566 ne
1979 4500 2292 4565 iudicium
2338 4509 2652 4564 nostrum.
2687 4501 2773 4565 de
2816 4500 3119 4565 codicum
3164 4500 3335 4563 inter
3378 4519 3448 4563 se
3496 4498 3747 4561 ratione
3794 4506 3860 4560 et
3905 4499 3989 4562 de

1125 4650 1142 4680 ¹
1185 4649 1304 4704 Old
1328 4651 1510 4704 Latin
1545 4650 1799 4704 Biblical
1837 4651 2004 4704 Texts
2019 4669 2042 4703 .·
2074 4649 2186 4704 No.
2219 4664 2262 4704 1.
2310 4651 2367 4703 T
2355 4649 2425 4703 he
2464 4648 2672 4720 Gospel
2698 4648 3002 4719 according
3031 4651 3091 4702 to
3126 4647 3211 4701 St.
3252 4644 3538 4701 Matthew
3559 4646 3726 4716 from
3766 4645 3859 4699 tlte
3900 4647 3986 4703 St.

988 4735 1260 4788 Gemain
1290 4734 1428 4787 MS.
1456 4733 1565 4805 (ga)
1604 4750 1735 4787 now
1772 4734 2080 4788 numbered
2106 4734 2233 4788 Lat.
2270 4747 2291 4786 1
2306 4747 2326 4786 1
2336 4746 2365 4802 5
2374 4746 2401 4802 5
2408 4747 2440 4801 3
2477 4734 2544 4786 in
2577 4732 2670 4786 the
2703 4731 2992 4787 National
3023 4731 3269 4801 Library
3301 4735 3367 4784 at
3399 4729 3588 4797 Paris,
3626 4728 3771 4784 with
3806 4731 3987 4784 intro-

984 4817 1211 4872 duction
1238 4816 1575 4887 desm‘ptiw
1608 4817 1680 4887 os
1694 4815 1788 4871 the
1809 4817 1887 4870 M
1883 4817 1932 4871 S
1932 4857 1962 4884 .,
1988 4817 2112 4871 and
2119 4817 2248 4886 five
2269 4815 2599 4886 appendices
2621 4815 2958 4885 containing
2974 4829 3124 4867 some
3146 4817 3382 4868 account
3403 4813 3476 4884 os
3484 4811 3577 4865 tlte
3598 4813 3778 4867 Latin
3801 4813 3985 4867 MSS.

983 4900 1123 4954 used
1148 4900 1215 4971 by
1237 4901 1523 4954 Erasmus
1552 4900 1676 4954 and
1696 4902 1768 4954 R.
1794 4899 2084 4970 Stephens,
2110 4899 2203 4953 the
2223 4900 2404 4954 Latin
2435 4899 2561 4952 and
2588 4898 2768 4953 Greek
2798 4898 2985 4951 MSS.
3017 4895 3261 4951 collated
3284 4896 3351 4966 by
3360 4896 3526 4967 John
3562 4894 3807 4963 Walker‚
3842 4897 3987 4950 with

983 5001 1130 5038 some
1158 4990 1314 5038 notes
1344 4984 1419 5056 of
1433 4984 1525 5037 bis
1558 4983 1672 5054 lise,
1702 4984 1828 5038 and
1851 4982 1944 5037 tlte
1974 4983 2135 5055 chief
2147 4983 2349 5053 desscts
2379 4982 2452 5052 of
2464 4982 2851 5052 Martianay’s
2880 4980 3161 5036 collation.
3236 4978 3446 5035 Edited
3475 4978 3553 5048 by
3575 4978 3726 5049 John
3751 4978 3986 5035 Words·

984 5067 1177 5133 worth,
1205 5067 1366 5121 M.A.
1439 5066 1671 5133 Oxford,
1703 5067 1854 5134 1883.

1053 5147 1077 5181 ²
1108 5149 1339 5221 Aliquid
1367 5148 1557 5204 inhac
1592 5159 1751 5220 parte
1784 5151 1930 5205 bene
1954 5148 2208 5205 temtauit
2244 5150 2444 5204 Petrus
2473 5150 2713 5203 Corssen
2731 5187 2736 5198 ,
2753 5146 2811 5201 in
2837 5145 3180 5216 praefatione
3206 5146 3283 5201 ad
3310 5145 3627 5216 Epistulam
3652 5145 3728 5200 ad
3754 5146 3986 5201 Galatas

987 5231 1227 5288 Berolini
1256 5233 1354 5288 188
1361 5245 1408 5301 5,
1427 5232 1575 5287 idem
1600 5242 1792 5289 tamen
1815 5242 1965 5287 recte
1991 5232 2182 5288 scribit
2209 5249 2261 5302 p.
2282 5246 2316 5297 4
2342 5232 2358 5261 ‘
2380 5229 2540 5301 [non]
2568 5229 2764 5300 ignoro
2789 5228 3269 5301 quaestionem.de
3293 5245 3644 5300 quacumque
3669 5236 3830 5299 parte
3851 5229 3986 5283 Vul-

984 5327 1147 5385 gatae
1166 5315 1479 5371 institutam
1502 5315 1654 5387 prius
1674 5317 1751 5374 ad
1767 5324 1983 5372 certum
2012 5315 2295 5385 quendam
2314 5315 2481 5388 finem
2508 5312 2738 5384 perduci
2764 5329 2879 5368 non
2905 5328 3069 5383 posse
3088 5328 3258 5383 quam
3285 5311 3579 5369 universae
3597 5310 3742 5368 ratio
3761 5309 3988 5380 cognita

984 5410 1037 5455 et
1058 5408 1359 5471 perspecta
1383 5397 1488 5456 sit.’
