4717 6400
967 675 1048 738 86
1558 677 2202 741 EUANGELIUM
2253 676 2782 739 SECUNDUM
2830 678 2966 739 MA
2988 677 3402 741 TTHEUM.
3620 679 3984 763 [x11.16-24.

2567 865 2779 930 donec
2814 863 3007 931 eiciat
3037 865 3124 929 ad
3156 866 3503 930 uictoriam
3535 867 3852 932 iudicium

2494 959 2544 1000 ²¹
2564 980 2633 1035 et
2663 970 2730 1032 in
2760 969 3027 1034 nomine
3057 970 3199 1034 eius
3228 980 3457 1051 gentes
3487 971 3865 1054 sperabunt.

890 1064 942 1108 ¹⁷
963 1081 1038 1136 ut
1081 1069 1553 1166 adimpleretur
1589 1073 1767 1154 quod
1814 1073 2069 1136 dictum
2114 1081 2216 1138 est
2259 1093 2380 1157 per
2495 1067 2684 1125 ²²<¹¹⁹·
2706 1071 2750 1121 ⁵)
2782 1074 2970 1138 Tunc
3003 1074 3269 1138 oblatus
3312 1084 3415 1139 est
3459 1073 3520 1137 ei
3559 1075 3983 1140 daemonium

1047 1175 1295 1239 esaiam
1327 1175 1723 1259 prophetam
1755 1176 2086 1240 dicentem
2650 1176 2905 1242 habens
2956 1196 3188 1243 caecus
3232 1186 3302 1242 et
3349 1187 3572 1241 mutus
3616 1186 3686 1242 et
3728 1180 3984 1245 curauit

890 1274 942 1314 ¹⁸
962 1299 1114 1343 ecce
1144 1299 1306 1361 puer
1335 1300 1519 1343 meus
1555 1299 1755 1362 quem
1786 1277 1956 1363 elegi
2652 1299 2803 1344 eum

960 1382 1239 1447 dilectus
1270 1404 1454 1447 meus
1483 1384 1550 1447 in
1581 1404 1717 1466 quo
1759 1383 1931 1449 bene
1959 1383 2208 1467 placuit
2243 1385 2378 1449 ani-
2564 1382 2657 1448 ita
2686 1392 2760 1447 ut
2788 1382 3168 1465 loqueretur
3197 1391 3266 1447 et
3298 1383 3578 1448 uideret.

1051 1506 1201 1551 mae
1231 1507 1420 1550 meae
2382 1532 2393 1545 .
2493 1481 2687 1537 ”0²⁰-
2710 1483 2756 1534 ⁷)
2804 1486 2899 1551 Et
2936 1488 3299 1571 stupebant
3350 1508 3580 1552 omnes
3631 1488 3864 1553 turbae
3913 1498 3982 1553 et

964 1610 1209 1673 ponam
1246 1590 1552 1674 spiritum
1585 1610 1807 1654 meum
1840 1612 2037 1675 super
2069 1612 2222 1655 eum
2650 1591 2960 1655 dicebant

964 1703 1028 1757 et
1062 1693 1375 1758 iudicium
1409 1693 1716 1776 gentibus
1747 1695 2080 1759 nuntiabit
2565 1694 2885 1777 numquid
2917 1693 3025 1759 hic
3053 1704 3156 1759 est
3191 1692 3368 1759 filius
3397 1696 3640 1760 dauid?

892 1799 944 1840 1⁹
964 1816 1096 1861 non
1148 1799 1501 1862 contendet
1544 1817 1759 1880 neque
1802 1796 2116 1862 clamabit
2163 1816 2378 1880 neque
2492 1798 2547 1839 2⁴
2566 1796 2684 1848 (121·
2709 1797 2753 1846 ²)
2788 1791 3122 1863 Pharisaei
3152 1808 3381 1863 autem
3412 1800 3758 1865 audientes
3787 1799 3980 1864 dixe-

1051 1901 1274 1965 audiet
1305 1900 1539 1984 aliquis
1569 1901 1635 1963 in
1665 1901 1902 1983 plateis
1929 1922 2162 1966 uocem
2196 1902 2334 1966 eius
2653 1911 2806 1966 runt

889 2006 945 2046 ²⁰
964 2003 1400 2069 harundinem
1433 2017 1814 2089 quassatam
1847 2025 1980 2069 non
2011 2006 2379 2089 confringet
2561 2005 2670 2072 hic
2684 2026 2818 2071 non
2838 2005 2992 2070 eicit
3006 2006 3368 2071 daemones
3391 2006 3513 2071 nisi
3533 2008 3600 2072 in
3617 2007 3982 2073 beelzebub

963 2119 1030 2174 et
1060 2107 1265 2173 linum
1297 2111 1623 2194 fumigans
1653 2131 1784 2175 non
1815 2110 2160 2192 extinguet
2648 2109 2949 2195 principe
2977 2111 3400 2176 daemonum.

890 858 945 898 ¹⁶
964 873 1033 928 et
1090 864 1423 947 praecepit
1478 864 1571 928 eis
1616 885 1698 928 ne
1747 865 2167 929 manifestum
2222 886 2376 930 eum

999 1000 1009 1008 ·
1049 967 1337 1033 facerent

1129 2358 1186 2406 et
1207 2361 1440 2409 secutae
1468 2363 1603 2409 sunt
1628 2370 1763 2410 eum
1791 2353 1993 2411 turbae
2020 2352 2252 2411 multae.
2303 2350 2346 2385 ¹⁸
2362 2363 2421 2410 et
2447 2352 2840 2411 comminatus
2867 2362 2955 2410 est
2980 2351 3064 2410 eis
3092 2369 3167 2410 ne
3195 2348 3628 2410 manifestarent
3656 2369 3809 2410 eum.
3858 2348 3901 2385 ¹⁷
3918 2361 3984 2412 ut

965 2441 1390 2518 adimpleretur.
1448 2444 1608 2523 quod
1652 2446 1870 2505 dictum
1913 2455 2001 2505 est
2041 2464 2143 2522 per
2183 2446 2400 2505 esaiam
2443 2444 2790 2522 prophetam
2827 2435 3133 2503 dicentem.
3189 2440 3384 2504 ¹⁸ecce
3426 2462 3570 2520 puer
3604 2462 3770 2504 meus
3801 2463 3981 2523 quem

965 2534 1134 2613 elegi.
1191 2537 1431 2597 dilectus
1472 2557 1638 2598 meus
1678 2540 1740 2597 in
1777 2557 1896 2616 quo
1933 2541 2088 2599 bene
2131 2539 2487 2617 complacuit
2522 2540 2754 2599 animae
2792 2557 2976 2599 meae.
3035 2556 3254 2616 ponam
3293 2539 3555 2615 spiritum
3581 2557 3782 2598 meum
3808 2558 3982 2617 super

966 2648 1121 2690 eum.
1198 2642 1258 2691 et
1299 2632 1577 2692 iudicium
1616 2635 1890 2711 gentibus
1929 2634 2314 2694 adnuntiabit.
2392 2631 2436 2667 ¹⁹
2452 2652 2575 2693 non
2614 2633 2928 2694 contendet
2969 2651 3159 2710 neque
3197 2632 3486 2692 clamabit.
3557 2650 3748 2710 neque
3785 2634 3983 2694 audiet

967 2724 1278 2802 quisquam
1307 2728 1367 2784 in
1403 2726 1606 2805 plateis
1641 2747 1848 2788 uocem
1882 2729 2021 2788 eius,
2080 2724 2529 2788 ²⁰harundinem
2564 2739 2898 2807 quassatam
2933 2745 3055 2787 non
3093 2726 3436 2805 confringet.
3493 2736 3551 2787 et
3588 2727 3770 2786 linum
3810 2726 3981 2787 fumi·

966 2829 1206 2895 gantem
1256 2838 1379 2881 non
1426 2822 1742 2899 extinguet.
1815 2822 2002 2883 donec
2046 2821 2215 2882 eiciat
2262 2821 2322 2880 in
2373 2822 2679 2881 uictoriam
2719 2821 3015 2882 iudicium.
3071 2816 3113 2851 ’¹
3130 2832 3188 2880 et
3227 2820 3290 2880 in
3331 2821 3571 2882 nomine
3612 2821 3738 2881 eius
3776 2833 3981 2900 gentes

870 2979 879 2988 ‚
966 2915 1301 2991 sperabunt.

1130 3004 1176 3039 ²²
1192 3017 1333 3068 tunc
1360 3007 1590 3069 oblatus
1617 3021 1705 3070 est
1741 3011 1794 3070 ei
1834 3010 2015 3071 homo
2053 3010 2435 3071 daemonium
2461 3009 2685 3070 habens
2713 3027 2926 3070 caecus
2952 3020 3013 3070 et
3039 3018 3235 3069 mutus
3264 3020 3323 3069 et
3349 3009 3571 3069 curauit
3600 3028 3752 3069 eum.
3808 3010 3889 3070 ita
3915 3022 3979 3071 ut

967 3099 1299 3182 loqueretur
1326 3113 1385 3162 et
1412 3104 1651 3164 uideret.

1131 3194 1251 3256 ”et
1277 3199 1586 3275 stupebant
1611 3217 1822 3258 omnes
1849 3200 2051 3258 turbae
2085 3208 2143 3256 et
2169 3196 2459 3259 dicebant.
2515 3198 2801 3275 numquid
2828 3198 2921 3257 hic
2950 3208 3039 3259 est
3065 3196 3213 3258 filius
3240 3196 3435 3257 dauid.

1131 3288 1177 3324 ²⁴
1194 3291 1481 3369 pharisaei
1501 3301 1698 3351 autem
1719 3293 2040 3352 audientes
2087 3291 2377 3351 dixerunt.
2433 3290 2528 3352 hic
2550 3310 2671 3352 non
2694 3293 2826 3351 eicit
2845 3291 3175 3353 daemonia.
3231 3292 3344 3352 nisi
3369 3292 3433 3350 in
3459 3290 3774 3354 beelzebul.
3821 3294 3979 3370 prin·

971 3528 1195 3580 secedere
1225 3529 1347 3578 Luc.
1372 3545 1418 3577 v.
1449 3528 1521 3589 16,
1549 3529 1613 3579 ix.
1643 3545 1717 3580 10.
1784 3531 1978 3597 sequuti
2011 3531 2074 3591 Θ,
2112 3533 2274 3597 sequti
2308 3532 2372 3581 R.

971 3610 1196 3657 curauit
1229 3603 1625 3671 (ἔθφάπενσεν)ε
1673 3611 1878 3661 curabat
1912 3609 1977 3660 R.
2043 3624 2140 3660 eos
2170 3625 2266 3659 om.
2304 3608 2373 3659 Z*

974 3685 1047 3747 (4-
1063 3683 1163 3746 2²).

1045 3760 1121 3811 16.
1157 3767 1215 3811 et
1244 3766 1558 3822 praecepit:
1591 3770 1642 3815 et
1665 3763 1905 3830 praecipit
1930 3764 2375 3832 D(pre.)3?HQR,

973 3839 1265 3905 praedpiens
1301 3841 1361 3901 (i.
1372 3857 1410 3890 e.
1447 3842 1774 3907 praecipiens)
1808 3842 1853 3892 L
1892 3841 2008 3909 (om.
2050 3844 2168 3906 οὓς
2204 3844 2380 3907 graeci

973 3916 1053 3966 καὶ
1092 3915 1383 3981 {urimur
1420 3920 1508 3969 uel
1543 3918 1826 3984 ἐπέπληξεν.
1890 3936 1963 3972 ne
2007 3924 2377 3973 manifestum

973 4010 1139 4046 eum:
1171 3996 1358 4046 nemini
1381 3997 1694 4049 manifestum
1718 3999 1784 4048 D.

1045 4085 1120 4138 17.
1156 4075 1490 4139 adinpleretur
1522 4077 1703 4127 cffL:
1736 4077 2006 4141 inpleretur
2035 4077 2098 4141 Q.
2165 4080 2377 4126 esaiam

971 4152 1097 4203 codd.
1096 4153 1172 4217 pl.
1195 4156 1415 4218 (esayam
1432 4154 1547 4217 CT)
1568 4161 1615 4204 et
1628 4154 1676 4204 ς’
1690 4172 1702 4205 :
1726 4156 1902 4205 isaiam
1920 4153 2376 4219 KMM'vz‘flth,

972 4231 1166 4296 ysaiam
1210 4231 1293 4294 W,
1338 4233 1536 4282 issaiam
1580 4234 1704 4293 Dff,
1751 4234 1961 4282 essaiam
2004 4233 2063 4282 L.
2130 4232 2377 4298 profetam

1045 4387 1120 4436 18.
1153 4402 1296 4445 puer
1316 4403 1478 4437 meus
1510 4401 1547 4440 ‹t-
1574 4386 1762 4438 electus
1789 4403 1917 4438 corr.
1939 4395 2079 4448 uam
2109 4388 2198 4438 sed
2216 4402 2377 4452 marg.

976 4467 992 4490 ‘
1005 4464 1191 4515 electus
1205 4465 1531 4515 cancellatum
1549 4472 1624 4517 est
1638 4466 1690 4516 in
1708 4501 1720 4514 .
1742 4463 1772 4515 .'
1786 4500 1800 4515 .
1856 4466 2019 4531 helegi
2040 4466 2097 4515 C.
2156 4466 2378 4517 delectus

977 4542 1138 4592 LOR.
1205 4547 1350 4592 bene
1384 4546 1603 4602 placuit
1637 4540 1951 4608 (ηὐδόκησεν)
1987 4559 2100 4592 cum
2134 4543 2374 4594 ΑΕΗΘῦ

977 4619 1166 4671 MOY:
1212 4621 1336 4670 bene
1374 4621 1661 4685 conplacuit
1701 4620 2377 4684 BCDEH’KLM'QRTVW

977 4697 1069 4747 XZ
1082 4714 1160 4763 vg.
1178 4699 1384 4762 (compl.
1411 4698 1530 4747 Kw
1547 4700 1668 4763 vg).
1735 4701 1954 4750 animae
1977 4713 2132 4748 meae
2153 4698 2284 4749 codd.
2303 4700 2376 4763 pl.

976 4783 1024 4826 et
1049 4791 1125 4840 vg.
1155 4776 1340 4839 (anime
1372 4792 1481 4827 mee
1506 4776 1631 4840 W):
1667 4776 1834 4827 anima
1863 4791 1975 4827 mea
2006 4778 2059 4841 (ἡ
2090 4774 2229 4840 ψυχή
2257 4777 2375 4838 μου)

980 4853 1237 4917 DELQR,
1270 4855 1582 4919 corrigentes,
1614 4861 1678 4904 ut
1707 4854 1919 4920 saepius,
1951 4870 2014 4904 ex
2036 4869 2233 4919 graeco,
2260 4870 2377 4904 cum

975 4948 1010 4982 a
1031 4931 1061 4980 b
1073 4931 1184 4996 33st
1209 4947 1255 4996 q.
1322 4932 1557 4982 iuditium
1590 4933 1672 4982 W.
1740 4936 2031 4982 nuntiabit
2062 4932 2191 4982 codd.
2218 4934 2294 4997 pl.
2329 4939 2380 4983 et

975 5026 1055 5075 vg.
1095 5009 1264 5073 (nune.
1300 5008 1442 5072 wz)
1472 5032 1513 5052 a·
1537 5010 1845 5073 ἀπαγγελεῖς
1891 5011 2139 5059 nuntiauit
2177 5010 2242 5071 O,
2287 5010 2378 5059 ad-

975 5088 1223 5138 nuntiauit
1244 5088 1316 5145 L;
1349 5087 1663 5139 adnuntiabit
1687 5088 1798 5152 EQ,
1822 5088 2137 5138 annuntiabit
2157 5088 2224 5137 D.

1045 5179 1120 5231 19.
1157 5166 1392 5216 clamauit
1459 5167 1675 5217 BHOX.
1758 5169 1965 5225 aliqu-in
2038 5169 2102 5216 in
2170 5168 2377 5224 plateis

976 5259 1174 5295 uocem
1191 5246 1313 5294 eiu·
1330 5246 1426 5308 (τις
1443 5244 1497 5293 ἔν
1510 5245 1616 5294 ταῖς
1630 5242 1883 5294 πλατείαις
1898 5244 1990 5306 τὴν
2005 5242 2169 5308 φωνὴν
2182 5244 2377 5306 αὐτ-οῦν

982 5329 1037 5378 >
1058 5322 1110 5371 in
1144 5323 1328 5389 plateis
1365 5323 1545 5389 aliquis
1581 5340 1631 5375 u.
1665 5339 1709 5374 e.
1750 5324 1858 5386 DJ,
1904 5331 1959 5380 >
1980 5323 2163 5388 aliquis
2199 5336 2378 5373 uocem

975 5399 1081 5449 eius
1103 5400 1155 5448 in
1179 5401 1361 5465 plateis
1383 5401 1446 5451 R.

1044 5490 1121 5527 20.
1157 5479 1442 5530 nundinem
1478 5478 1775 5530 OJLRTW
1796 5495 1877 5544 vg.
1961 5477 2263 5545 confringuet
2306 5480 2375 5540 D,

2575 3531 2844 3583 eonfrinoet
2883 3531 2946 3592 Y,
3000 3529 3239 3595 confriget
3286 3530 3344 3578 E.
3410 3531 3626 3579 linum:
3678 3529 3869 3595 lignum
3914 3531 3978 3593 C,

2576 3609 2755 3659 limum
2796 3608 2868 3657 L*
2896 3611 3041 3671 (corr.
3084 3608 3185 3669 L2).
3255 3606 3499 3656 fumicans
3541 3605 3613 3667 H,
3653 3605 3978 3673 fumigantem

2576 3688 2656 3737 Εὖ
2662 3687 2736 3737 Μ.
2802 3686 3056 3749 extlnquet
3105 3684 3169 3741 Ο.
3225 3684 3443 3747 extinget
3487 3683 3548 3741 L.
3604 3685 3873 3750 extinguet’
3919 3692 3980 3735 ut

2575 3765 2785 3814 uidetur
2797 3764 2865 3813 D.
2933 3763 3107 3812 eieciat
3127 3761 3212 3822 Μ’,
3230 3761 3378 3811 ieciat
3400 3760 3509 3820 DL,
3528 3761 3694 3812 eiiciat
3712 3778 3789 3827 vg.
3814 3764 3976 3814 Tisclt.

2591 3854 2628 3892 4-
2642 3842 2692 3890 in
2714 3849 2832 3891 ante
2855 3843 3135 3890 iudicium
3160 3838 3222 3890 R.
3289 3838 3518 3888 iuditium
3537 3839 3625 3889 ·W.

2644 3933 2720 3968 21.
2762 3925 2819 3975 >
2838 3919 3106 3983 sperabunt
3128 3924 3304 3981 gentes
3326 3917 3385 3966 L.

2645 4011 2723 4046 22.
2758 3996 2997 4047 hoblatus
3026 3996 3087 4046 C.
3151 4010 3247 4045 om.
3278 4001 3367 4044 est
3400 3995 3511 4045 DE.
3583 4000 3674 4045 est
3702 3995 3979 4049 oid-homo

2577 4075 2763 4138 D(sine
2784 4073 3176 4137 est)3'·⁰LQ(>
3193 4072 3240 4123 ei
3261 4072 3493 4138 est)RW.
3561 4073 3845 4124 demonium
3868 4075 3980 4124 m?

2576 4152 2751 4202 LRW.
2819 4168 2963 4203 cecus
2986 4151 3120 4200 KW.
3186 4157 3411 4200 mutus:
3463 4164 3497 4201 -ι-
3530 4151 3703 4202 surdus
3732 4151 3813 4213 R3
3860 4165 3897 4203 4-
3928 4160 3980 4203 et

2576 4230 2751 4280 surdus
2773 4231 2854 4294 Q;
2886 4228 3082 4294 duplici
3108 4228 3337 4277 uersa‘cme
3365 4227 3510 4277 uerbi
3537 4226 3698 4291 κωφός
3726 4229 3787 4294 <fi
3811 4236 3979 4281 mutus

2576 4325 2609 4357 a
2632 4326 2657 4358 c
2676 4307 2833 4373 dsff‘,
2844 4322 2897 4371 g,
2921 4323 2969 4372 q,
2993 4313 3160 4356 mutus
3180 4314 3229 4356 et
3251 4306 3429 4356 surdus
3449 4306 3492 4366 b,
3524 4307 3701 4357 surdus
3730 4313 3781 4358 et
3813 4316 3980 4358 mutus

2563 4387 2634 4453 β’,
2649 4387 2700 4443 k,
2717 4386 2893 4436 surdus
2907 4385 2955 4434 k.
2999 4384 3192 4434 curabit
3208 4383 3270 4433 T.
3320 4390 3388 4432 ut
3400 4391 3510 4449 sup.
3530 4385 3624 4434 lin.
3644 4384 3702 4433 E.
3750 4385 3981 4450 loquetur

2579 4465 2640 4514 V.
2708 4467 2933 4514 uideret
2947 4476 2982 4512 4-
2997 4469 3048 4512 et
3069 4461 3261 4512 audiret
3287 4462 3333 4510 R
3352 4463 3413 4527 (fi
3437 4470 3487 4512 et
3510 4463 3624 4513 aud.
3647 4469 3696 4513 et
3718 4462 3820 4514 uid.
3843 4464 3893 4514 le.

2648 4556 2722 4605 23.
2758 4543 3018 4593 stubebant
3040 4541 3107 4602 D,
3125 4544 3429 4599 stupebant
3444 4540 3589 4591 Osed
3598 4547 3760 4607 ·tupe-
3784 4541 3844 4591 in
3874 4558 3975 4592 ras.

2577 4626 2638 4672 et
2656 4636 2743 4670 sec.
2767 4627 2874 4685 sup.
2899 4620 2995 4669 lin.
3022 4619 3082 4667 E.
3149 4618 3370 4692 nunquid
3392 4617 3513 4683 ς’ξ.

2646 4713 2724 4762 24.
2756 4697 2973 4763 pharisei
3018 4697 3210 4759 Cffw,
3255 4697 3420 4747 farisei
3466 4697 3528 4758 R,
3577 4696 3817 4761 pharisaei
3863 4698 3973 4748 DL.

2577 4778 2695 4826 Post
2726 4781 2916 4826 autem
2949 4789 3137 4823 rasura
3168 4775 3228 4824 in
3260 4775 3319 4824 E.
3385 4774 3529 4825 eiecit
3555 4773 3686 4835 m,
3713 4775 3830 4825 iecit
3863 4777 3976 4838 DL,

2575 4854 2710 4905 eiieit
2729 4870 2808 4919 vg.
2844 4853 3005 4902 Tisclu.
3074 4852 3312 4905 demones
3335 4851 3582 4912 DffRW,
3612 4852 3844 4903 demonia
3866 4854 3976 4918 LQ.

2575 4934 2884 4983 beelsebub
2903 4928 3717 4994 ABCFQJKMMQVWXng„
3739 4930 3978 4983 belzebub

2578 5008 2963 5060 DZPHLOTY:
3001 5007 3254 5060 beelzebul
3286 5008 3346 5065 E,
3382 5006 3606 5057 belzebul
3637 5006 3711 5056 R*
3737 5009 3828 5060 sed
3847 5026 3976 5060 corr.

2576 5104 2641 5137 m.
2654 5103 2764 5136 sax.
2804 5088 2847 5136 C
2829 5088 2882 5153 f
2899 5087 2973 5136 ad
2986 5104 3033 5136 x.
3051 5099 3125 5150 25.
3190 5088 3449 5144 principe
3469 5083 3719 5150 (ἄρχοντι)
3737 5087 3974 5139 BDEEPJ

2578 5165 3142 5229 KLMOQRszvvg.
3157 5180 3169 5214 ε
3198 5163 3470 5229 principem
3484 5164 3975 5216 Acflewr'rxvz*

2576 5248 2651 5307 (m
2695 5243 3000 5295 semitm-ra).
3069 5246 3408 5291 daemonum
3451 5257 3565 5292 cum
3605 5242 3978 5294 AHJMOYZ⁶

2573 5336 2688 5370 cum
2724 5321 2900 5384 graeci
2938 5320 3126 5369 duobus
3168 5318 3284 5368 locis
3328 5318 3460 5369 idem
3504 5320 3714 5369 uerbum
3763 5321 3979 5372 habeant

2577 5396 2819 5461 (δαιμόνια
2841 5433 2854 5447 .
2880 5434 2893 5447 .
2917 5394 3226 5458 δωμονίων);
3261 5396 3635 5447 daemoniorum
3670 5398 3977 5450 BCEQKM·

2577 5476 2795 5527 TVXZ*
2812 5475 2845 5508 ⁰⁸
2862 5482 2955 5508 Μ’·
2970 5491 3068 5540 vg„
3089 5475 3432 5527 demoniorum
3457 5475 3794 5539 DJPLQRW.
