4717 6400
839 733 966 800 292

1165 887 1371 937 AHVY
1385 888 1539 937 Harl.
1567 898 1707 952 2797.

840 978 1004 1039 LIII.
1047 980 1267 1040 Pusillo
1304 981 1467 1058 gregi
1509 998 1758 1055 regnum
1802 979 2038 1056 promit·

919 1085 1048 1134 tens
1076 1073 1432 1150 possidenda
1452 1073 1547 1132 uel
1570 1092 1841 1150 possessa
1862 1091 2038 1151 prop-

919 1177 1007 1227 ter
1043 1168 1442 1242 elemosynam
1474 1167 1650 1226 uendi
1688 1168 2038 1244 lumbosque

919 1263 1284 1340 praecinctos
1336 1273 1394 1321 et
1449 1260 1717 1321 lucernas
1772 1261 2039 1320 ardentes

918 1374 1048 1416 esse
1075 1357 1286 1416 debere
1315 1356 1471 1417 iubet
1499 1355 1861 1432 uigilandum
1891 1373 2038 1432 quo-

916 1469 1036 1527 que
1074 1452 1228 1509 serui
1265 1450 1405 1509 boni
1446 1449 1698 1526 malique
1738 1449 2037 1509 mentione

918 1544 1075 1603 facta
1101 1545 1463 1621 praecipiens
1493 1562 1728 1603 seruum
1756 1545 2036 1603 scientem

916 1638 1276 1697 uoluntatem
1340 1638 1563 1698 domini
1617 1637 1814 1697 multis
1867 1639 2036 1713 igno-

916 1744 1141 1791 rantem
1169 1750 1312 1791 uero
1340 1732 1543 1808 paucis
1581 1732 1861 1809 uapulare
1895 1751 2035 1793 con-

916 1826 1124 1886 firmat.

838 1919 1034 1979 L1111.
1069 1920 1278 1997 Ignem
1296 1921 1356 1979 in
1374 1932 1586 1979 terram
1604 1939 1666 1980 se
1684 1921 1819 1980 dicit
1837 1938 2036 1980 neces·

917 2015 1236 2073 situdinum
1284 2014 1572 2075 diuisione
1623 2015 1935 2073 missurum
1981 2025 2038 2074 et

916 2107 1126 2168 faciem
1154 2107 1299 2167 caeli
1320 2110 1638 2185 probantes
1660 2107 1870 2167 debere
1892 2118 2037 2167 tem-

915 2220 1028 2280 pus
1069 2201 1399 2279 intellegere
1448 2202 1820 2262 manifestum
1865 2213 2038 2279 atque

915 2296 1401 2356 consentiendum
1451 2297 1785 2357 aduersario
1831 2297 1891 2355 in
1940 2298 2037 2356 uia

919 2392 1270 2469 pronuntiat.

835 3129 965 3191 LV.
1014 3129 1308 3190 Nuntiatis
1364 3128 1717 3209 quibusdam
1774 3147 1812 3189 a
1858 3127 2036 3207 pilato

917 3227 1131 3286 occisis
1159 3227 1238 3285 ait
1259 3243 1467 3286 omnes
1490 3224 1600 3283 nisi
1621 3224 2036 3302 paenitentiam

916 3332 1095 3398 agant
1131 3320 1390 3380 similiter
1426 3318 1713 3396 perituros
1754 3317 1849 3376 uel
1891 3318 2037 3376 sicut

916 3416 995 3474 illi
1024 3415 1229 3475 decem
1257 3425 1315 3474 et
1348 3424 1485 3475 octo
1518 3414 1686 3473 ruina
1722 3413 1895 3471 turris
1933 3430 2038 3488 op-

917 3511 1103 3587 pressi
1130 3508 1470 3586 parabolam
1498 3525 1731 3585 quoque
1759 3506 1832 3566 de
1862 3505 2038 3566 sterili

918 3605 1127 3663 arbore
1170 3603 1264 3662 fici
1306 3620 1537 3679 ponens
1579 3601 1795 3660 indicat
1838 3599 2038 3677 paeni-

917 3698 1158 3758 tentiam
1186 3697 1519 3757 differentes
1547 3706 1606 3755 et
1632 3695 1935 3755 mulierem
1962 3695 2039 3753 ab

917 3793 1087 3851 annis
1115 3791 1322 3851 decem
1349 3799 1408 3850 et
1436 3799 1572 3851 octo
1599 3799 1900 3850 curuatam
1928 3789 2038 3848 eri-

918 3904 1062 3963 gens
1091 3886 1164 3944 de
1192 3903 1333 3944 cura
1361 3884 1586 3944 sabbati
1608 3893 2037 3942 murmurantes

918 3979 1192 4056 exemplo
1235 3979 1405 4038 bouis
1455 3977 1791 4055 adaquandi
1837 3976 2038 4036 refellit

917 4073 1211 4151 gaudente
1237 4072 1461 4149 populo
1487 4072 1559 4130 de
1588 4071 1712 4130 eius
1747 4070 2037 4130 miraculis

919 4167 1200 4244 gloriosis.

903 4654 1045 4704 LIII.
1078 4669 1172 4703 om.
1196 4655 1292 4703 uel
1322 4667 1580 4710 possessa
1601 4652 1664 4701 V.
1732 4654 2034 4702 scientem:

836 4721 1100 4772 facientem
1124 4719 1284 4784 inepte
1307 4718 1369 4766 V.

906 4785 1077 4836 L1111.
1113 4784 1517 4835 necessitudinem
1554 4784 1647 4832 Y*.
1715 4783 2037 4834 diuissionem

841 4853 1015 4967 Y'LV.
1049 4915 1261 4965 nuntiati
1275 4915 1429 4964 Harl.

841 4983 996 5032 Ilarl.
1063 4983 1226 5032 arbori
1249 4981 1313 5032 Y.

1487 4915 1690 4980 perituri
1705 4916 1861 4966 Harl.
1917 4915 2037 4966 turri

1798 720 1903 781 CA
1916 718 2254 778 PITULA
2311 718 2431 778 IN
2466 719 2532 778 E
2538 716 2643 776 UA
2653 717 2729 776 N
2727 717 2960 779 GELI
2961 716 3106 776 ΠΜ

2507 886 2670 952 cer).

2222 981 2359 1040 Hac
2399 980 2576 1040 docet
2602 980 2892 1056 exemplis
2920 995 3043 1038 non

2303 1075 2668 1152 cogitantum
2676 1074 2750 1133 de
2769 1073 3042 1133 crastino.

2223 1168 2702 1246 Faciendumque
2764 1167 3041 1227 haelimo·

2304 1263 2495 1321 sinam
2543 1262 2859 1320 homnibus
2900 1279 3042 1319 uen-

2302 1357 2453 1416 ditis.

2221 1450 2299 1509 Et
2327 1450 2705 1526 uigilandum.

2222 1543 2443 1604 Dicens
2456 1554 2621 1622 petro
2631 1543 2859 1603 felicem
2877 1561 3040 1603 aesse

2305 1640 2529 1698 bonum
2558 1638 3038 1716 dispensatorem.

2222 1920 2370 1981 Inde
2397 1922 2535 1981 dicit
2574 1922 2773 1998 ignem
2811 1922 3038 1980 mittere

2304 2033 2480 2092 super
2520 2025 2732 2074 terram
2771 2033 2896 2074 non
2934 2032 3038 2090 pa-

2303 2098 2457 2169 cem.

2223 2203 2445 2263 Turbis
2468 2221 2706 2281 quoque
2723 2203 2861 2262 dicit
2879 2202 3040 2280 quod

2306 2299 2515 2358 faciem
2592 2298 2738 2358 caeli
2816 2314 3040 2373 cogno-

2304 2400 2529 2451 scerent
2590 2400 2855 2468 tempora
2919 2407 3040 2449 non

2304 2486 2708 2563 intelligerent.

2222 2579 2396 2652 Quos
2424 2591 2627 2640 monet
2655 2580 2758 2639 hut
2797 2580 2940 2638 dum
2979 2580 3039 2637 in

2304 2677 2401 2733 uia
2429 2685 2661 2734 aessent
2699 2672 3038 2733 conciliare·

2303 2782 2396 2828 tur
2446 2769 2777 2828 aduersario
2826 2787 2901 2827 ne
2950 2786 3037 2827 re-

2304 2864 2450 2923 clusi
2468 2882 2588 2946 non
2605 2864 2827 2922 exirent
2846 2863 3038 2921 donec

2302 2959 2684 3018 nouissimum
2750 2957 3037 3034 quadran-

2304 3063 2424 3112 tem
2455 3052 2778 3112 redderent.

2138 3151 2341 3208 XIII.
2389 3150 2616 3215 Quum
2665 3153 2735 3207 et
2781 3162 3039 3206 annun·

2302 3247 2549 3303 tiatum
2589 3245 2832 3301 fiiisset
2874 3243 3038 3312 gali-

2302 3342 2446 3397 leos
2473 3340 2780 3396 hoooisos

2221 3443 2423 3492 monet
2486 3430 2778 3507 agendam
2835 3428 3038 3506 poeni-

2303 3526 2564 3585 tentiam.

2221 3619 2569 3679 Parabulam
2611 3617 2860 3677 ficulnae
2902 3617 3037 3676 sub-

2304 3715 2552 3790 iungens
2569 3730 2747 3790 quam
2765 3711 3039 3772 dominus

2302 3825 2489 3884 quum
2517 3806 2895 3865 infructosam
2915 3803 3040 3863 uel-

2302 3901 2384 3961 let
2400 3899 2703 3961 aexcidere
2722 3899 2908 3959 cultor
2926 3909 3038 3958 sta-

2303 3996 2407 4055 tim
2436 3995 2765 4071 postulauit.

2221 4074 2425 4163 Quum
2494 4089 2797 4148 mulierem
2867 4087 3038 4146 annis

2302 4184 2510 4242 decem
2554 4194 2648 4242 aet
2689 4182 2866 4242 hocto
2908 4199 3038 4240 cur·

2302 4296 2440 4336 uam
2519 4277 2872 4336 haerexisset
2952 4275 3037 4333 in-

2302 4373 2639 4449 dignantem
2703 4369 3036 4447 archysina-

2301 4483 2526 4544 gogum
2557 4465 2834 4542 increpat.

2203 4653 2326 4703 XII.
2367 4652 2690 4718 cogitandum
2719 4652 2890 4702 Thom.
2969 4651 3038 4702 fa-

2139 4718 2463 4783 ciendamque
2524 4719 2693 4767 Tltom.
2761 4721 2953 4776 ignem
2989 4733 3027 4770 -ῡ-

2140 4785 2330 4835 uenisse
2353 4801 2406 4834 se
2429 4784 2598 4833 Thone.
2619 4799 2718 4832 non
2736 4790 2903 4832 autem
2921 4785 3039 4833 MS.

2149 4851 2262 4901 Uat.
2330 4850 2760 4900 reconciliarentur
2788 4849 2960 4898 Thom.

2205 4916 2354 4965 XIII.
2380 4931 2495 4965 cum
2511 4916 2558 4965 ei
2574 4916 2852 4964 nuntiatum
2870 4914 3040 4964 Thom.

2140 4982 2205 5032 de
2226 4981 2454 5046 galilaeis
2475 4981 2652 5031 occisis
2673 4981 2740 5028 al.
2764 4987 2843 5044 ap.
2872 4980 3039 5031 Thorn.

2141 5050 2436 5098 aexoidere
2457 5064 2471 5096 t
2493 5046 2653 5097 excidi
2679 5046 2849 5096 Thom.
2894 5060 3040 5102 ,our-

2143 5127 2302 5164 uam:
2330 5120 2582 5163 curuatam
2601 5112 2746 5161 Alex.
2768 5125 2844 5174 14.

3147 883 3275 933 ΒΘ]
3281 883 3594 948 (breues)OX
3605 885 3728 935 Par.
3739 886 3855 937 Lat.
3869 889 4025 950 10438
4033 925 4046 937 .

3143 1529 3347 1589 dicens
3402 1540 3568 1607 petro
3622 1528 3852 1587 felicem
3915 1545 4046 1589 esse

3224 1625 3450 1683 bonum
3479 1624 3967 1699 dispensatorem.

3143 3155 3314 3216 XIII.
3380 3153 3505 3216 Sub
3559 3155 3834 3235 exemplo
3902 3158 4044 3235 gali-

3223 3252 3482 3311 laeorum
3501 3253 3825 3312 occisorum
3841 3263 4043 3312 monet

3225 3345 3516 3421 agendam
3628 3346 4040 3423 paenitentiam

3225 3440 3566 3516 parabolam
3617 3440 3900 3499 ficulneae
3955 3441 4042 3498 in-

3224 3533 3552 3593 fructuosae
3683 3535 4045 3611 subiungens

3226 3646 3377 3706 quae
3405 3646 3805 3706 superuacuae
3829 3638 4038 3687 terram

3224 3732 3476 3800 occupat
3504 3721 3804 3782 mulierem
3838 3721 4044 3781 decem

3223 3827 3283 3875 et
3356 3827 3495 3876 octo
3565 3816 3736 3876 annis
3804 3834 4041 3876 curnam

3224 3910 3385 3987 erigit

3210 4652 3331 4703 XII.
3366 4654 3816 4709 dunense-torem
3831 4666 3867 4702 «ιν
3880 4650 3946 4701 de
3983 4665 4044 4700 eo

3145 4719 3232 4768 ubi
3255 4718 3349 4767 (ἰῆς
3370 4717 3491 4768 dicit
3512 4717 3677 4781 ignem
3709 4716 3825 4766 ueni
3850 4718 4047 4766 mittere

3145 4784 3194 4833 in
3218 4792 3397 4834 terram
3428 4784 3599 4846 10438.

3210 4849 3360 4900 XIII.
3388 4851 3517 4898 aubi
3665 4863 3757 4897 ns:
3781 4847 3891 4897 subi

3145 4916 3551 5030 ghogccupat:
3622 4914 3826 4964 etineret
3867 4911 4044 4962 BQJO
