4717 6400
937 630 1068 708 480
1645 629 2280 693 EUANGELIUM
2323 628 2847 692 SECUNDUM
2886 630 3232 692 LUCAM.

866 802 1008 870 ⁸⁰et
1058 804 1308 870 factum
1360 813 1464 868 est
1509 803 1670 866 dum
1728 803 2140 866 recumberet
2190 822 2341 864 cum
2398 798 2403 807 ’

1029 908 1156 972 illis

940 1013 1196 1097 accepit
1221 1032 1465 1096 panem
1498 1022 1565 1076 et
1597 1011 1943 1076 benedixit

1028 1136 1106 1181 ac
1136 1116 1333 1201 fregit
1361 1126 1433 1181 et
1463 1116 1840 1200 porrigebat
1872 1114 1999 1177 illis

872 1221 922 1261 ³¹
942 1231 1008 1284 et
1040 1221 1250 1304 aperti
1282 1230 1433 1284 sunt
1463 1219 1634 1284 oculi
1666 1238 1895 1283 eorum

1029 1334 1096 1389 et
1126 1334 1579 1407 cognouerunt
1609 1343 1762 1387 eum

943 1438 1011 1491 et
1044 1429 1186 1512 ipse
1215 1427 1479 1492 euanuit
1511 1448 1598 1491 ex
1632 1426 1836 1491 oculis
1869 1445 2099 1489 eorum

872 1527 926 1565 ⁸²
943 1544 1012 1596 et
1041 1533 1360 1596 dixerunt
1391 1533 1477 1596 ad
1511 1532 1795 1595 inuicem

945 1656 1163 1700 nonne
1193 1656 1307 1700 cor
1335 1645 1635 1699 nostrum

1030 1742 1266 1804 ardens
1298 1749 1439 1803 erat
1471 1740 1534 1803 in
1567 1739 1761 1802 nobis

1034 1846 1192 1908 dum
1226 1842 1603 1926 loqueretur
1635 1843 1699 1905 in
1733 1842 1840 1905 uia

946 1959 1015 2012 et
1044 1949 1330 2031 aperiret
1356 1948 1549 2012 nobis
1577 1948 1932 2027 scripturas
1949 1950 1979 2006 Ρ

871 2047 928 2087 ⁸³
947 2062 1013 2116 et
1042 2061 1386 2135 surgentes
1415 2052 1646 2115 eadem
1679 2049 1845 2113 hora

3514 623 3730 715 [xxm.
3756 640 3955 705 30-36.

2637 802 2912 885 regressi
2940 811 3094 865 sunt
3125 802 3191 864 in
3220 799 3611 865 hierusalem

2548 915 2621 970 et
2650 905 3036 969 inuenerunt
3067 914 3503 987 congregatos
3534 904 3847 969 undecim

2553 1020 2621 1073 et
2652 1030 2768 1074 eos
2798 1010 2912 1091 qui
2943 1030 3094 1074 cum
3128 1010 3286 1092 ipsis
3322 1017 3511 1072 erant

2476 1119 2536 1162 ⁸4
2638 1114 2940 1178 dicentes

2554 1219 2735 1298 quod
2763 1217 3051 1281 surrexit
3081 1217 3390 1280 dominus
3419 1236 3575 1280 uere

2638 1331 2706 1384 et
2737 1321 3045 1405 apparuit
3075 1320 3314 1384 simoni

2480 1428 2536 1467 ³⁵
2553 1435 2621 1488 et
2651 1425 2775 1506 ipsi
2806 1423 3161 1488 narrabant
3185 1443 3357 1506 quae
3385 1433 3574 1505 gesta

2640 1539 2827 1593 erant
2858 1529 2924 1592 in
2955 1529 3064 1592 uia

2555 1644 2624 1697 et
2654 1632 2997 1715 quomodo
3028 1641 3479 1715 cognouerunt

2645 1757 2798 1801 eum
2829 1737 2896 1799 in
2923 1736 3242 1800 fractione
3272 1737 3479 1817 paniS.

2482 1845 2537 1885 ⁸⁶
2558 1838 2685 1891 0³⁴⁰·
2709 1837 2753 1890 ⁹)
2785 1839 2968 1903 Dum
3000 1840 3163 1903 haec
3192 1848 3418 1903 autem
3451 1837 3811 1920 loquuntur

2556 1944 2733 2008 iesus
2763 1944 2950 2008 stetit
2978 1942 3046 2005 in
3079 1944 3302 2007 medio
3326 1962 3552 2006 eorum

2558 2057 2626 2111 et
2661 2047 2820 2111 dicit
2848 2046 2945 2110 eis
2975 2067 3113 2130 pax
3144 2045 3336 2110 uobis

947 2307 1085 2366 dies,
1154 2317 1212 2365 et
1241 2306 1473 2365 intrauit
1499 2324 1632 2364 cum
1661 2305 1786 2364 illis.
1851 2316 1915 2363 ut
1942 2314 2221 2363 maneret.
2289 2304 2337 2339 ⁸⁰
2353 2314 2411 2363 et
2440 2302 2657 2363 sactum
2687 2315 2774 2362 est
2804 2302 2946 2362 dum
2975 2305 3333 2362 recumberet
3368 2320 3503 2362 cum
3539 2300 3669 2360 illis.
3742 2301 3963 2378 accepit

945 2418 1178 2478 panem.
1249 2409 1307 2459 et
1341 2399 1653 2459 benedixit.
1724 2410 1781 2457 et
1821 2398 1990 2474 fregit
2023 2408 2080 2457 et
2116 2397 2275 2456 dedit
2308 2398 2409 2457 eis,
2477 2398 2521 2432 ⁸¹
2540 2407 2597 2456 et
2623 2398 2804 2475 aperti
2834 2407 2969 2455 sunt
2999 2397 3152 2457 oculi
3180 2415 3400 2456 eorum.
3472 2407 3531 2456 et
3559 2406 3965 2473 cognouerunt

946 2510 1099 2552 eum.
1168 2503 1227 2551 et
1254 2494 1378 2570 ipse
1407 2493 1626 2552 inuisus
1655 2492 1839 2552 factus
1865 2503 1954 2551 est
1983 2491 2084 2551 εἰς.
2155 2489 2274 2549 ”et
2306 2490 2576 2551 dixerunt
2613 2490 2688 2550 ad
2726 2490 2993 2549 inuicem.
3063 2508 3260 2550 nonne
3301 2509 3403 2551 cor
3442 2490 3710 2550 noktrum
3747 2500 3867 2549 erat
3904 2491 3963 2546 in

947 2587 1118 2647 nobis
1150 2587 1380 2647 ardenS.
1447 2587 1592 2646 dum
1626 2587 1958 2663 loqueretur
1985 2585 2154 2645 nobis
2183 2585 2244 2642 in
2273 2585 2388 2644 uia.
2454 2595 2517 2643 et
2555 2586 2799 2662 aperiret
2832 2584 3007 2643 nobis
3050 2585 3374 2644 scribturae.
3446 2583 3492 2619 ⁸⁸
3509 2592 3567 2643 et
3594 2595 3964 2642 surrexerunt

946 2681 1154 2741 eadem
1181 2680 1341 2742 hora.
1410 2690 1468 2742 et
1496 2681 1745 2757 regressi
1774 2691 1907 2739 sunt
1936 2681 1996 2737 in
2024 2678 2390 2737 hierusalem.
2460 2688 2517 2738 et
2548 2679 2895 2737 inuenerunt
2923 2690 3316 2755 congregatos
3344 2678 3617 2738 undecim
3646 2677 3964 2754 apostolos.

946 2785 1005 2833 et
1044 2794 1149 2836 eos
1191 2776 1290 2852 qui
1331 2793 1466 2834 cum
1508 2775 1647 2852 ipsis
1688 2785 1852 2833 erant
1889 2773 2232 2832 ⁸⁴dicentes,

2333 2772 2471 2849 quia
2502 2789 2644 2831 uere
2683 2773 2957 2832 dominus
2997 2773 3259 2832 surrexit.
3330 2785 3389 2833 et
3426 2772 3696 2849 apparuit
3733 2772 3962 2831 simoni.

947 2869 1068 2928 ”et
1094 2869 1205 2945 ipsi
1243 2870 1555 2928 narrabant
1593 2886 1744 2947 quae
1783 2878 1949 2945 gesta
1990 2876 2156 2926 erant
2194 2867 2254 2923 in
2294 2867 2407 2925 uia.
2477 2876 2535 2926 et
2574 2866 2876 2944 quomodo
2916 2878 3323 2943 cognouerunt
3360 2885 3515 2927 eum.
3562 2867 3646 2925 in
3684 2866 3963 2926 flactione

947 2963 1130 3040 panis.
1205 2962 1412 3023 ”haec
1439 2974 1632 3023 autem
1663 2962 1771 3020 illis
1799 2961 2188 3039 loquentibus,
2257 2961 2384 3036 ipse
2423 2960 2576 3019 iesus
2616 2961 2786 3019 stetit.
2858 2961 2919 3018 in
2953 2961 3150 3020 medio
3190 2979 3413 3021 eorum.
3483 2972 3539 3021 et
3568 2948 3710 3021 dixit
3737 2962 3819 3021 eis
3846 2980 3962 3039 pax

949 3200 1008 3249 Ε.
1075 3202 1272 3248 illum:
1317 3214 1431 3249 eum
1465 3200 1533 3249 D.
1604 3199 1860 3249 uobiscum
1893 3199 1987 3248 Y*.
2056 3201 2354 3255 aduenper-

949 3280 1094 3328 auoit
1117 3277 1284 3342 (-escit
1305 3277 1426 3337 a’R,
1453 3277 1518 3325 ad
1550 3292 1810 3341 uesperum
1845 3278 1936 3327 seit
1960 3277 2022 3340 Q,
2050 3276 2115 3325 ad
2148 3291 2356 3340 uespera

948 3363 1024 3407 est
1046 3355 1119 3419 G)
1144 3362 1205 3405 et
1226 3358 1502 3405 mannate·
1525 3355 1674 3419 (decl.
1698 3355 2009 3404 AffFHxY
2042 3349 2234 3416 Τι’πΙι.)
2267 3357 2356 3401 est

954 3437 1070 3499 (om.
1093 3432 1173 3494 ΞΡ)
1209 3437 1324 3483 iam
1356 3435 1480 3482 dios
1511 3432 1641 3482 codd.
1666 3434 1810 3498 plur.
1840 3448 1922 3497 vg.
1953 3448 2070 3482 aur.
2094 3431 2156 3497 cs.
2180 3431 2356 3482 adues-

950 3511 1163 3578 peracit
1182 3510 1264 3561 uel
1294 3527 1553 3577 uesperum
1580 3519 1656 3561 est
1685 3519 1735 3561 et
1766 3511 1984 3561 declinat
2018 3512 2121 3560 iam
2155 3510 2262 3559 dies
2293 3511 2353 3557 δε

949 3591 1015 3639 ad
1048 3604 1306 3655 uesperum
1339 3589 1443 3638 iam
1481 3590 1596 3654 (om.
1625 3606 1649 3638 c
1675 3589 1715 3638 d
1739 3591 1783 3652 l)
1819 3589 2090 3639 declinauit
2127 3590 2253 3653 <mat
2288 3587 2351 3649 E)

951 3668 1059 3718 dies
1083 3666 1310 3730 C(diaes)
1321 3665 1408 3715 ET
1429 3683 1463 3715 a
1485 3668 1513 3715 b
1535 3683 1560 3715 c
1579 3667 1621 3715 d
1634 3683 1659 3716 e
1676 3666 1749 3733 ff,
1771 3667 1796 3715 l
1817 3667 1909 3730 (r),
1930 3674 1978 3716 et
1998 3665 2064 3714 ad
2092 3681 2355 3730 uesperum

955 3746 1224 3796 declinauit
1246 3747 1346 3794 iam
1370 3745 1479 3792 dies
1501 3745 1539 3793 J
1557 3761 1572 3803 3
1605 3744 1774 3793 ambas
1795 3744 2019 3794 lectiones
2039 3743 2358 3808 confundunt

952 3825 1005 3874 D
1021 3830 1143 3888 gut„
1166 3821 1526 3886 aduesperescit
1555 3830 1604 3871 et
1634 3821 1872 3872 inclinata
1901 3828 1977 3871 est
2005 3822 2109 3871 iam
2140 3821 2354 3871 declinat

951 3902 1059 3951 dies
1072 3906 1198 3965 gut„
1223 3900 1557 3950 aduersarium
1580 3900 1796 3951 declinat
1818 3900 1925 3950 dies
1946 3908 1995 3950 et
2017 3898 2255 3949 inclinata
2279 3908 2355 3949 est

951 3978 1053 4028 iam
1084 3979 1191 4028 dies
1215 3979 1299 4038 D;
1329 3977 1382 4042 f
1399 3976 1517 4027 uide
1547 3984 1717 4042 supra.
1791 3982 2065 4029 intrauit:
2104 3991 2355 4029 ÷manere

955 4059 1026 4119 (et
1036 4071 1119 4120 gr.
1139 4055 1365 4116 εἰσῆλθεν
1387 4055 1477 4103 τοῦ
1497 4056 1674 4119 μεῖναι)
1697 4057 1892 4121 DEQR
1907 4064 2012 4122 gut.
2030 4057 2198 4108 Bentl.
2216 4057 2256 4106 d
2267 4074 2298 4106 r
2309 4059 2351 4117 δ,

952 4132 1015 4198 cf.
1036 4140 1093 4184 ut
1114 4141 1333 4184 maneret
1353 4150 1388 4183 a
1409 4150 1434 4182 c
1454 4132 1537 4198 es}
1561 4141 1611 4183 et
1631 4135 1814 4183 mansit
1836 4135 1879 4183 b.

1020 4225 1102 4274 30.
1135 4218 1195 4262 et
1227 4215 1358 4262 fact.
1382 4217 1471 4261 eet
1507 4212 1647 4276 (4in
1681 4227 1742 4261 eo
1770 4228 1795 4262 c
1823 4211 1870 4276 e)
1897 4216 2033 4262 dum
2059 4215 2191 4278 (cum
2216 4213 2274 4262 M
2295 4214 2351 4274 a)

953 4293 1198 4340 reoumb.
1241 4289 1587 4355 (discubuisset
1623 4290 1679 4353 a)
1715 4306 1844 4340 oum
1882 4293 2001 4339 inis
2043 4292 2135 4354 (eis
2169 4292 2235 4340 W
2269 4306 2347 4355 vg.

937 4369 1014 4434 ᾖ
1031 4369 1085 4430 r)
1107 4385 1118 4418 :
1152 4385 1246 4419 om.
1272 4370 1357 4429 D3
1391 4369 1491 4417 litt.
1517 4368 1642 4418 min.
1667 4385 1759 4419 scr.
1784 4369 1850 4418 X.
1919 4369 2104 4432 accipit
2126 4370 2355 4434 &PQRV3

953 4455 1215 4512 acceptum
1248 4462 1313 4504 ag
1361 4460 1398 4496 -ι-
1420 4447 1551 4496 iesus
1586 4446 1644 4495 E.
1714 4461 1814 4496 ao:
1853 4455 1908 4496 et
1942 4446 2354 4511 OECDKQTVZ.

952 4541 1047 4575 om.
1071 4540 1136 4575 ao
1167 4527 1341 4583 fregit
1372 4525 1414 4573 d
1438 4531 1486 4574 et
1516 4525 1624 4575 ΒΨ.
1693 4525 1989 4590 porregebat
2016 4526 2066 4574 D
2083 4541 2097 4584 ;
2144 4525 2283 4575 dedit
2301 4528 2356 4589 f,

952 4603 1107 4652 dabat
1126 4603 1175 4662 d,
1200 4602 1408 4652 tradidit
1427 4619 1456 4651 c
1474 4618 1513 4652 e.

1023 4694 1100 4743 3¹·
1137 4681 1234 4731 inc.
1250 4697 1364 4731 cum
1387 4681 1693 4746 accepissent
1716 4688 1880 4731 autem
1901 4697 2081 4745 panem
2106 4683 2170 4732 ab
2192 4697 2253 4731 eo
2270 4699 2295 4731 c
2315 4698 2354 4743 e,

954 4759 1303 4825 accipientium
1349 4766 1517 4809 autem
1558 4775 1731 4810 eorum
1778 4775 1828 4824 p.
1867 4760 1932 4809 ab
1976 4775 2037 4809 eo
2073 4760 2115 4808 d
2145 4766 2192 4810 et
2232 4761 2356 4817 D0'3

953 4838 1164 4887 uidetur
1180 4845 1348 4888 autem
1369 4854 1433 4888 ex
1459 4838 1599 4902 Orzjg.
1622 4845 1794 4887 contra
1822 4839 1943 4888 Cels.
1970 4837 2039 4887 11.
2064 4836 2128 4886 68
2155 4839 2289 4903 (Del.
2314 4838 2356 4887 1.

954 4916 1076 4979 438)
1105 4915 1330 4981 fluxisse
1372 4916 1466 4981 qui
1505 4916 1564 4966 de
1606 4916 1695 4966 hoc
1738 4916 1833 4966 loco
1876 4917 1951 4965 ita
1994 4917 2144 4966 libere
2186 4916 2361 4966 scribit

953 4992 1224 5057 γέγραπται
1262 4993 1359 5058 γὰρ
1392 4995 1448 5044 ἐν
1483 4996 1553 5058 τῷ
1587 4994 1717 5044 κατὰ
1749 4996 1955 5054 Λουκᾶν,
1989 4994 2065 5045 ὅτι
2100 4994 2227 5056 μετὰ
2265 4995 2358 5057 τὴν

954 5073 1226 5121 ἀνάστασιν
1246 5073 1418 5129 λαβὼν
1438 5071 1528 5122 τὸν
1548 5071 1699 5136 ἄρτον
1727 5074 1755 5122 ὁ
1779 5072 1965 5136 Ἰησοῦς
1993 5072 2255 5137 εὖλόγησε,
2278 5074 2357 5123 καὶ

956 5150 1141 5200 κλάσας
1163 5150 1378 5200 ἐπεδίδου
1400 5153 1469 5216 τῷ
1487 5150 1660 5214 Σίμωνι
1683 5151 1762 5201 καὶ
1779 5155 1848 5217 τῷ
1867 5150 2077 5217 mem·
2099 5151 2358 5206 λαβόντων

956 5227 999 5275 δ’
1018 5229 1177 5278 αὐτῶν
1199 5226 1288 5278 τὸν
1307 5228 1474 5293 ἄρτον,
1489 5229 1831 5293 διηνοίχθησαν
1851 5231 2011 5280 αὐτῶν
2031 5233 2078 5281 01
2102 5230 2357 5292 ὀφθαλμοὶ,

956 5305 1037 5356 καὶ
1082 5306 1363 5369 ἐπέγνωσαν
1405 5307 1566 5358 αὐτόν.
1642 5309 1806 5359 occuli
1851 5310 1917 5368 R,
1961 5308 2129 5359 hoculi
2178 5309 2254 5359 bis
2298 5309 2356 5359 C.

953 5392 1261 5450 coguuerunt
1293 5386 1342 5437 R
1374 5394 1421 5436 et
1459 5403 1509 5437 u.
1546 5401 1624 5451 35.
1691 5402 1823 5439 eum
1861 5388 1936 5436 bis
1973 5404 2064 5439 scr.
2105 5387 2182 5450 R;
2235 5401 2275 5441 4-
2306 5388 2357 5437 in

2560 3196 2798 3249 fractione
2843 3198 2989 3263 panis
3031 3199 3068 3248 l.
3146 3201 3383 3249 euanuit·
3425 3213 3498 3247 ex
3541 3202 3722 3250 oeulis
3766 3213 3963 3249 eorum

2565 3273 2799 3341 (ἄφαντος
2829 3275 3030 3339 ἐγένετο
3061 3276 3144 3325 ἀπ’
3167 3275 3350 3339 αὐτῶν)
3374 3293 3391 3325 2
3422 3287 3665 3340 nusquam
3697 3277 3818 3334 stou
3847 3278 3887 3326 d
3907 3279 3959 3339 τ)

2561 3356 2842 3419 comparuit
2881 3356 2947 3404 ab
2979 3356 3052 3405 eis
3088 3354 3213 3418 (illis
3244 3354 3299 3418 a)
3335 3370 3369 3404 a
3401 3371 3426 3404 c
3455 3355 3497 3405 d
3522 3371 3547 3404 e
3565 3351 3638 3421 βξ
3671 3371 3732 3404 r·
3777 3356 3964 3405 innisus

2559 3431 3271 3499 factusesteisbfl(illis);
3302 3448 3403 3484 non
3427 3445 3669 3498 apparens
3700 3432 3860 3483 factus
3887 3443 3962 3484 eet

2559 3512 2626 3560 ab
2647 3511 2719 3559 eis
2741 3514 2783 3559 δ.
3618 3543 3637 3558 .

2628 3602 2708 3650 32.
2743 3592 2948 3638 arden·
2980 3586 3253 3651 (καιομένη)
3281 3607 3296 3637 r
3329 3597 3619 3655 coopertum
3650 3589 3699 3648 d,
3726 3597 3960 3653 optusum

2559 3667 2595 3722 l,
2629 3673 2914 3716 excecatum
2944 3683 2986 3724 c,
3018 3668 3394 3717 exterminatum
3427 3683 3479 3727 ες
3522 3673 3862 3728 κεκαλυμμενη
3893 3668 3961 3716 D.

2558 3746 2625 3793 in
2655 3748 2853 3795 noble:
2899 3761 2994 3795 om.
3020 3744 3293 3810 T*(÷sup.
3319 3743 3437 3808 lin.)
3474 3760 3502 3793 c
3529 3744 3571 3794 d
3595 3761 3620 3794 e
3651 3752 3699 3795 et
3721 3760 3806 3809 gr.
3837 3746 3962 3800 BD;

2572 3834 2611 3872 4·
2625 3821 2688 3872 de
2704 3823 2810 3873 iesu
2827 3824 2884 3872 E.
2938 3831 2995 3881 >
3011 3830 3116 3873 erat
3137 3824 3242 3872 ard.
3258 3824 3309 3873 in
3332 3823 3480 3873 nobis
3497 3822 3563 3881 G.
3588 3831 3645 3881 >
3663 3840 3731 3873 er.
3750 3825 3801 3874 in
3818 3824 3964 3874 nobi·

2558 3899 2663 3949 ard.
2693 3916 2727 3950 a
2758 3901 2787 3949 b
2802 3900 2855 3966 f
2872 3901 2932 3960 ff}
2966 3917 3012 3951 r.
3079 3906 3407 3959 loqueretur
3433 3914 3472 3952 4·
3500 3903 3648 3951 nobis
3678 3903 3720 3951 B
3745 3904 3959 3968 (Bentl.)

2541 3976 2631 4042 f⁸
2650 3985 2822 4043 εἰμες
2971 3983 3109 4030 dum
3129 3983 3344 4037 loquer.
3366 3996 3400 4029 a
3421 3980 3451 4028 b
3471 3996 3497 4029 c
3516 3979 3631 4046 effi
3651 3980 3741 4031 lr.
3796 3983 3962 4031 nebia

2558 4072 2679 4106 sea:
2714 4073 2808 4107 om.
2836 4058 2898 4109 T.
2967 4059 3234 4108 scribturas
3257 4057 3674 4109 OEEFGO*x*Z.

2626 4148 2704 4198 33.
2737 4150 2941 4200 surgens
2968 4138 3045 4197 F;
3081 4149 3118 4187 4-
3144 4137 3307 4187 tristes
3339 4153 3364 4186 c
3395 4151 3436 4193 e.
3472 4149 3511 4187 4·
3538 4135 3814 4186 contristati
3842 4136 3890 4196 d,
3916 4143 3963 4185 et

2560 4214 2669 4264 D0'.
2727 4218 2967 4264 'eadent
3001 4230 3115 4265 eam
3140 4215 3199 4264 E.
3264 4217 3544 4273 mma-i:
3584 4215 3765 4263 reuersi
3797 4214 3843 4263 R
3872 4230 3905 4262 a
3938 4229 3965 4261 c

2557 4292 2599 4340 d
2622 4308 2649 4341 e
2682 4294 2722 4340 δ.
2788 4307 2884 4343 om.
2908 4294 2975 4341 in
2997 4293 3101 4342 VZ.
3169 4292 3349 4342 iberus.
3373 4292 3436 4353 C,
3459 4293 3602 4343 ierus.
3628 4307 3706 4357 vg.
3776 4294 3962 4343 inueni-

2558 4378 2699 4420 erunt
2738 4371 2807 4420 D.
2880 4377 3283 4429 conmeatus:
3335 4370 3576 4421 collectos
3612 4387 3645 4419 a
3683 4387 3709 4419 c
3743 4387 3770 4420 e
3806 4373 3879 4436 (4·
3910 4372 3962 4420 iu

2559 4445 2753 4510 unum).
2820 4447 3088 4497 hundecim
3122 4449 3196 4508 C;
3230 4461 3322 4498 ·xl·
3348 4448 3590 4508 DFRW;
3632 4448 3964 4514 ÷di⁸cipulo⁸

2560 4541 2599 4585 e,
2625 4523 2749 4589 ‘ff
2819 4540 2959 4574 σοον.
2984 4525 3078 4575 hos
3094 4527 3148 4576 J.
3216 4529 3390 4583 ipsiu:
3427 4526 3568 4590 ipsos
3588 4525 3817 4592 T*(corr.
3841 4525 3963 4589 T¹);

2559 4604 2663 4653 illis
2683 4618 2761 4667 vg.
2785 4604 2890 4654 edd.
2914 4605 3168 4668 αηΰυζοαεε.
3191 4605 3384 4655 Froben
3412 4604 3577 4669 1502).

2628 4696 2706 4745 34.
2741 4685 2926 4741 quod:
2965 4683 3201 4747 quoniam
3225 4683 3333 4732 DE.
3403 4684 3664 4734 resurrexit
3687 4683 3737 4747 Q
3758 4699 3792 4731 a
3812 4699 3838 4732 c
3858 4684 3898 4732 d
3919 4698 3962 4733 e.

2560 4776 2704 4810 uerae
2726 4760 2787 4810 C.
2864 4768 2921 4818 >
2935 4775 3049 4810 uere
3080 4777 3199 4811 surr.
3224 4761 3457 4811 dominus
3479 4762 3573 4810 ER
3584 4761 3652 4827 ff}
3678 4763 3731 4826 (a
3755 4763 3966 4811 mortuis

2560 4837 2722 4902 dom‘)
2760 4855 2806 4899 r,
2830 4854 2879 4889 u.
2903 4854 3075 4888 resurr.
3099 4839 3236 4888 dom.
3258 4855 3292 4888 a
3324 4855 3350 4887 c
3379 4840 3427 4889 d.
3494 4841 3692 4904 aparuit
3715 4839 3798 4898 G;
3829 4841 3966 4890 uisus

2561 4924 2635 4967 est
2654 4933 2688 4966 a
2709 4917 2738 4965 b
2759 4932 2783 4966 c
2802 4917 2962 4984 deff,
2982 4918 3009 4966 l
3025 4933 3073 4978 r,
3095 4924 3143 4968 et
3163 4916 3301 4979 ὤφθη
3314 4932 3402 4981 gr.
3468 4917 3660 4982 symoni
3686 4917 3926 4967 CDHW.

2630 5009 2707 5058 35.
2740 5002 3061 5045 namuerunt
3090 4996 3169 5045 Εὖ
3195 5013 3240 5057 r,
3264 5011 3409 5045 narra
3431 4996 3508 5055 R;
3542 4996 3858 5060 exponebant
3877 5012 3903 5045 c
3922 5012 3964 5046 e.

2561 5087 2705 5132 quae
2737 5080 2898 5132 geste
2928 5088 3006 5124 er.
3041 5077 3108 5122 in
3139 5077 3239 5124 nia
3274 5072 3360 5139 (τὰ
3395 5072 3448 5122 ἐν
3481 5073 3545 5138 τῇ
3577 5074 3728 5138 affl:
3764 5075 3965 5139 q.inu.

2561 5159 2675 5200 acta
2707 5161 2818 5201 sunt
2850 5167 2875 5200 c
2905 5167 2960 5211 σς
2999 5167 3128 5216 quae
3162 5152 3213 5201 in
3245 5154 3330 5202 uia
3362 5152 3403 5201 d
3429 5153 3472 5201 δ.
3540 5166 3776 5211 οοςιιοιι.
3800 5167 3961 5203 eum:

2560 5231 2756 5294 agnitus
2782 5237 2856 5280 ent
2887 5229 2992 5280 illis
3018 5245 3052 5278 a
3081 5245 3121 5291 e,
3147 5229 3282 5280 uisus
3313 5238 3387 5281 eet
3418 5231 3522 5281 iuis
3553 5246 3595 5291 c,
3616 5237 3860 5296 cognotus
3890 5237 3964 5279 est

2560 5309 2633 5358 eis
2656 5309 2705 5369 d,
2729 5314 2778 5359 et
2808 5306 3029 5372 ἐγνώσθη
3063 5308 3227 5358 abrai}
3251 5323 3337 5372 gr.
3403 5307 3615 5359 fratione
3638 5309 3717 5370 R;
3752 5309 3966 5359 fractura

2562 5403 2586 5436 c
2605 5402 2647 5438 e.
