4717 6400
984 876 1194 941 DEPGQ
1210 891 1328 925 aur.

661 967 849 1027 XXX.
909 967 1277 1028 Discendens
1334 967 1406 1026 de
1453 977 1657 1027 monte

739 1080 981 1140 puerum
1026 1081 1063 1122 a
1110 1062 1387 1123 demonio
1435 1062 1658 1123 curauit

738 1166 795 1218 et
822 1156 1071 1217 docebat
1098 1156 1479 1216 humilitatem
1509 1156 1657 1215 sicut

737 1269 948 1328 pueros
976 1251 1097 1310 fieri
1125 1250 1219 1309 De
1242 1251 1500 1329 quodam
1524 1269 1656 1328 pro-

738 1345 937 1405 hibeto
983 1346 1085 1423 qui
1134 1363 1257 1405 non
1306 1345 1658 1422 sequebatur

738 1439 875 1498 ihm.

661 1813 881 1873 XXXI.
953 1811 1240 1872 Dixerunt
1297 1813 1547 1874 Iacobus
1602 1824 1660 1873 et

742 1907 1014 1967 iohannis
1051 1907 1099 1967 si
1137 1908 1226 1967 uis
1265 1918 1531 1984 petemus
1575 1907 1659 1984 ig-

742 2019 879 2060 nem
905 2011 969 2060 ut
996 2002 1141 2078 petit
1168 2001 1351 2060 helias
1388 2000 1462 2060 de
1494 2000 1659 2061 caelo

742 2104 799 2154 et
854 2095 933 2154 ait
988 2095 1228 2172 quidam
1277 2095 1353 2154 ad
1404 2095 1526 2153 ihm
1572 2113 1660 2154 se-

742 2207 884 2266 quar
911 2200 968 2248 te
997 2200 1054 2248 et
1085 2189 1202 2249 alio
1240 2189 1382 2249 dicit
1417 2205 1657 2267 sequere

741 2301 835 2343 me
905 2282 1032 2342 sine
1100 2292 1362 2342 mortuos
1432 2282 1659 2360 sepilire

743 2388 1007 2437 mortuos
1054 2395 1193 2436 suos
1236 2387 1293 2436 et
1336 2376 1660 2454 designauit
1709 2384 1712 2395 ’

742 2471 830 2529 ihs
872 2471 1012 2530 lxxii
1053 2470 1353 2547 discipulis
1395 2482 1453 2530 et
1493 2489 1659 2529 man-

742 2566 877 2624 data
945 2566 1029 2624 eis
1103 2565 1261 2624 dedit
1315 2566 1663 2642 Inproperat

741 2660 1082 2720 ciuitatibus.

667 3126 918 3186 XXXII·
962 3128 1039 3186 Et
1077 3129 1292 3188 reuersi
1330 3128 1467 3187 lxxii
1507 3128 1661 3187 Cum
1711 3098 1717 3242 ι
1770 3144 2087 3204 ΧΧΧΙΙΙΙ.
2161 3143 2278 3204 Ubi
2349 3142 2563 3203 reuersi
2635 3151 2771 3202 sunt

745 3223 962 3298 gaudio
992 3233 1051 3282 et
1088 3224 1233 3282 dixit
1270 3225 1355 3284 eis
1392 3224 1481 3282 ihs
1519 3241 1663 3301 gau-

746 3318 876 3376 dete
946 3318 1083 3394 quia
1160 3318 1401 3375 nomina
1476 3327 1666 3376 uestra

747 3412 959 3489 scripta
986 3421 1118 3469 sunt
1141 3412 1203 3469 in
1227 3410 1401 3470 caelis
1424 3422 1483 3470 et
1505 3410 1663 3471 Con-

747 3510 919 3570 fessio
949 3509 1045 3567 ihu
1075 3510 1150 3568 ad
1180 3519 1420 3585 patrem.

732 4012 898 4061 XXX.
931 4012 1255 4062 desomdente
1275 4026 1336 4061 eo
1359 4017 1529 4061 monte
1550 4027 1667 4060 aur.

669 4078 1075 4135 puer-amasium
1107 4093 1224 4126 aur.
1293 4078 1441 4126 docet
1475 4076 1524 4126 G
1547 4093 1664 4126 aur.

669 4146 790 4193 neri
818 4159 853 4192 4·
882 4151 934 4193 et
962 4143 1026 4193 G.
1092 4145 1315 4200 prohib.
1335 4156 1367 4188 4
1386 4158 1415 4191 a
1443 4141 1573 4191 curis
1600 4142 1667 4192 G.

666 4224 760 4259 om.
784 4224 899 4259 non
923 4209 1068 4273 lapsu
1090 4209 1157 4257 D.

735 4275 928 4324 XXXI.
960 4274 1047 4323 ubi
1087 4274 1188 4322 dix.
1224 4273 1289 4332 G,
1327 4279 1377 4322 et
1414 4272 1516 4322 dix.
1549 4289 1666 4322 aar.

667 4339 1166 4402 u134dfieZPQaur.
1209 4339 1421 4403 petimus
1435 4339 1667 4402 ZPQaur.
1717 4325 1722 4366 ἶ

676 4413 731 4461 >
751 4405 851 4469 ign.
878 4405 940 4455 de
971 4420 1022 4454 c..
1043 4405 1170 4454 sicut
1201 4404 1373 4468 petiuit
1401 4404 1452 4454 h.
1479 4404 1544 4454 G.
1612 4410 1669 4453 ot
1716 4373 1722 4496 f

669 4475 752 4521 ait
786 4474 1020 4530 quidam
1053 4470 1150 4519 inc.
1188 4470 1450 4518 XXVIIII
1485 4469 1534 4519 G
1559 4469 1669 4530 (ubi
1717 4511 1722 4544 ι

669 4537 761 4594 ait)
783 4537 980 4599 Qaur„
1005 4536 1101 4584 inc.
1121 4535 1329 4584 XXXII
1353 4535 1425 4583 ΞΡ.
1493 4538 1665 4585 diost:

668 4602 794 4651 dixit
830 4601 1044 4659 Gaur.;
1094 4600 1222 4652 ÷ihs
1250 4617 1366 4649 aur.
1435 4615 1526 4650 me
1554 4612 1592 4649 4-
1619 4608 1666 4649 et
1719 4621 1722 4632 ·

670 4667 911 4731 EPQaur.
977 4673 1230 4716 mortuos
1253 4674 1370 4730 pta:
1406 4666 1481 4715 ita
1499 4666 1672 4730 pergit
1718 4665 1724 4714 i

670 4748 784 4783 aar.
811 4739 862 4783 et
893 4747 1043 4782 nemo
1075 4738 1205 4781 retro
1234 4731 1497 4797 respiciens
1526 4730 1671 4796 ponit
1719 4787 1724 4794 ο

670 4813 872 4848 manum
887 4813 1035 4863 super
1051 4803 1283 4847 aratrum.
1345 4796 1585 4862 sepeliunt
1604 4797 1668 4847 G.
1719 4803 1724 4816 ·

671 4878 829 4914 moe:
878 4871 980 4914 ÷et
1013 4870 1173 4913 cetera
1204 4862 1342 4926 SPQ3
1390 4870 1493 4913 ÷et
1523 4877 1671 4912 nemo

671 4939 801 4979 retro
823 4929 1093 4979 adtendens
1120 4929 1264 4992 ponit
1292 4943 1494 4978 manum
1523 4943 1672 4992 super

674 5004 890 5044 mtrum
924 4995 988 5044 G.
1056 5000 1116 5043 et
1145 4997 1360 5052 design.
1392 4993 1489 5043 inc.
1517 4994 1670 5042 XXX

675 5061 772 5123 GQ
788 5077 905 5109 aar.
954 5075 1047 5108 om.
1073 5061 1173 5118 et),
1206 5058 1302 5108 inc.
1329 5059 1562 5108 XXXIII
1597 5059 1667 5106 ΞΡ.
1720 5049 1726 5114 i

675 5127 748 5175 ita
777 5127 898 5190 leg-it
1008 5126 1095 5175 ubi
1127 5124 1205 5174 iiis
1239 5124 1412 5174 iterum
1444 5125 1673 5189 designat
1722 5129 1725 5178 ἑ

676 5191 795 5240 lxxii
835 5191 974 5240 alios.
1041 5206 1138 5241 om.
1180 5194 1315 5240 diso.
1553 5205 1670 5239 aur.
1722 5225 1726 5262 ;

676 5262 787 5307 ein:
836 5256 973 5305 illius
1011 5256 1076 5306 G.
1142 5258 1304 5306 dedit
1334 5269 1369 5303 4-
1397 5264 1448 5305 et
1555 5271 1672 5305 aar.

677 5327 922 5380 inm-epa
960 5321 1236 5372 innumerat
1259 5322 1308 5371 G
1329 5337 1445 5370 aur.

739 5387 965 5437 XXXII.
1012 5393 1071 5438 et

676 5458 914 5511 studio:
948 5454 1220 5517 gaudentes
1254 5453 1302 5502 G
1318 5468 1434 5502 aar.
1500 5468 1592 5501 om.
1616 5457 1675 5501 et·

674 5535 758 5568 sec.
786 5520 833 5570 G
858 5535 977 5569 aar.
1041 5519 1092 5567 in
1117 5518 1258 5569 caelo
1280 5519 1329 5582 Q
1344 5533 1462 5566 aur.

1101 5395 1220 5452 pn:
1269 5386 1356 5436 ubi
1402 5386 1465 5436 G.
1546 5401 1676 5436 oum
1723 5389 1729 5472 Ι

1809 702 2330 766 SECUNDUM
2369 702 2713 764 LUCAM.

2088 874 2126 924 J
2146 873 2430 937 (capitula).

1765 965 2085 1024 XXVIIII.
2159 963 2278 1023 Ubi
2364 982 2607 1041 puerum
2684 965 2761 1022 ab

1843 1060 2044 1136 spiritu
2094 1058 2383 1118 inmundo
2433 1059 2655 1117 curauit
2703 1069 2762 1117 et

1843 1154 2157 1231 discipulos
2186 1162 2405 1212 monet.

1762 1248 1957 1308 XXX.
1997 1248 2116 1307 Ubi
2138 1246 2402 1323 discipuli
2425 1247 2762 1323 cogitabant

1844 1345 1973 1421 quis
2000 1361 2208 1404 eorum
2236 1342 2424 1401 maior
2454 1350 2622 1400 esset.

1765 1818 1988 1878 XXXI.
2018 1818 2136 1878 Ubi
2155 1820 2418 1898 discipuli
2436 1821 2496 1879 in
2515 1821 2763 1880 samaria

1847 1932 1971 1973 non
2001 1923 2133 1973 sunt
2161 1917 2374 1993 recepti
2403 1925 2462 1975 et
2487 1915 2763 1975 uolebant

1845 2010 2042 2086 ignem
2072 2010 2145 2069 de
2171 2010 2334 2070 caelo
2362 2020 2579 2088 petere.

1765 2102 2021 2162 XXXII.
2093 2101 2187 2162 De
2242 2122 2315 2163 eo
2372 2104 2473 2183 qui
2529 2104 2765 2164 uolebat

1846 2198 2011 2275 sequi
2038 2198 2223 2255 iesum
2252 2208 2310 2257 et
2349 2198 2465 2258 alio
2501 2198 2636 2257 dicit
2674 2215 2763 2256 se-

1845 2310 2020 2371 quere
2050 2310 2163 2350 me.

1766 2387 2054 2446 XXXIII.
2084 2385 2202 2446 Ubi
2219 2387 2377 2445 misit
2400 2387 2767 2463 septuaginta

1845 2482 1920 2541 ad
1941 2481 2399 2558 praedicandum
2420 2491 2478 2540 et
2505 2481 2577 2540 de
2596 2500 2765 2560 prae·

1846 2577 2031 2653 ceptis
2060 2575 2227 2636 datis.

2818 3018 2823 3083 i

3741 704 3863 785 287

2986 872 3035 920 K
3050 871 3204 921 Harl.
3233 883 3359 935 2790
3382 872 3547 922 Nunc.
3570 872 3748 922 Bamb.

2870 1822 3156 1882 XXVIII.
3182 1822 3302 1882 Ubi
3319 1823 3432 1883 dfis
3449 1843 3484 1883 a
3502 1824 3870 1884 samaritanis

2950 1936 3069 1977 non
3098 1919 3385 1995 recipitur.

2869 2103 3189 2163 XXVIIII.
3250 2104 3368 2164 Ubi
3428 2106 3563 2166 dicit
3631 2107 3867 2185 quidam

2953 2217 3164 2275 sequar
3192 2208 3247 2258 te
3276 2208 3335 2258 et
3356 2201 3557 2260 annuit
3578 2201 3871 2279 aliumque

2953 2294 3313 2354 cohortatur.

2870 2388 3064 2446 XXX.
3111 2386 3229 2446 Ubi
3264 2389 3411 2448 alios
3444 2389 3582 2448 lxxii
3610 2389 3723 2449 dfis
3751 2390 3871 2447 ele-

2949 2482 3034 2558 git
3062 2492 3119 2542 et
3145 2481 3221 2542 ad
3249 2484 3676 2560 predicandum
3697 2485 3872 2545 mittit

2950 2586 3006 2635 et
3036 2576 3365 2637 ciuitatibus
3393 2579 3693 2654 exprobat.

2818 3096 2824 3253 j
2874 3143 3102 3203 xxm.
3148 3143 3265 3204 Ubi
3285 3144 3406 3207 dfio
3435 3145 3688 3206 referunt
3714 3144 3874 3224 quod

2955 3241 3016 3298 in
3079 3241 3203 3300 eius
3262 3242 3501 3302 nomine
3567 3243 3876 3303 daemonia

1851 3239 2119 3317 discipuli
2169 3239 2246 3298 ad
2294 3240 2484 3298 iesum
2529 3249 2587 3297 et
2632 3238 2771 3297 dicit
2819 3279 2824 3302 .

1850 3335 1933 3393 eis
1961 3333 2035 3392 de
2071 3343 2274 3393 satana
2307 3341 2367 3392 et
2401 3331 2771 3392 confessione

1854 3429 1976 3488 eius
2006 3428 2080 3487 ad
2109 3437 2353 3505 patrem.

1836 4014 2087 4064 XXXIII.
2127 4015 2516 4072 septuaginta:
2538 4012 2662 4077 efip.
2681 4010 2776 4076 376

1771 4080 2022 4131 adX.1.

2820 3693 2829 3912 li

2956 3333 3207 3393 eicerent
3277 3335 3568 3397 confessio
3638 3336 3738 3395 ihu
3798 3336 3876 3395 ad

2957 3439 3199 3506 patrem.

2878 3962 3289 3969 —-0-0-—

3750 3955 3874 3967 ἧι,

2944 4014 3141 4065 XXXI.
3189 4016 3324 4064 filu:
3370 4011 3476 4063 eius
3512 4014 3670 4065 Harl.
3714 4014 3877 4064 Nunc.

2880 4081 3055 4132 Bamb.
