4717 6400
843 668 967 750 278

1170 836 1375 888 AHVY
1387 837 1544 887 Harl.
1570 845 1714 901 2797.

922 932 1220 1008 accipiens
1262 931 1335 991 de
1378 948 1442 988 se
1491 928 1790 1006 impletum
1836 927 2042 987 dixerit

922 1045 1032 1086 nec
1080 1025 1294 1085 habere
1349 1023 1697 1101 prophetam
1750 1022 2040 1081 honorem

923 1120 985 1179 in
1008 1120 1191 1197 patria
1219 1136 1325 1178 sua
1348 1118 1526 1178 relata
1554 1117 1730 1176 etiam
1758 1115 1937 1175 uidua
1964 1115 2037 1174 de

921 1224 1148 1291 serapta
1204 1211 1297 1271 uel
1359 1210 1571 1288 leprosi
1642 1228 1858 1270 neman
1922 1210 2038 1285 syri

924 1306 1304 1365 mundatione
1372 1305 1534 1383 quod
1611 1322 1714 1382 per
1782 1303 2038 1362 medium

922 1418 1125 1461 eorum
1167 1401 1269 1477 qui
1317 1415 1454 1458 eum
1498 1397 1571 1457 de
1619 1407 1822 1456 monte
1869 1414 2038 1474 prae-

922 1494 1160 1572 cipitare
1215 1492 1496 1551 uolebant
1550 1490 1833 1551 transierit
1888 1490 2038 1550 indi-

920 1598 1101 1647 catur.

840 1681 1012 1741 XIII.
1057 1679 1452 1740 Confitentem
1479 1680 1539 1739 in
1568 1696 1873 1759 synagoga
1905 1678 2038 1738 dae-

923 1793 1162 1835 monem
1191 1774 1349 1851 pellit
1376 1793 1447 1833 ex
1483 1772 1739 1832 homine.

841 1869 1043 1931 XIIII.
1088 1870 1304 1928 Socrus
1332 1869 1480 1947 petri
1507 1878 1563 1927 et
1592 1867 1911 1925 multorum
1948 1867 2038 1924 in-

923 1965 1223 2024 firmorum
1271 1963 1441 2022 turba
1495 1971 1731 2021 sanatur
1784 1971 1842 2020 et
1896 1978 2039 2021 con-

923 2059 1099 2118 sessio
1127 2059 1483 2118 daemonum
1511 2055 1865 2134 prohibetur.

841 2153 974 2212 XV.
1015 2152 1266 2211 Duabus
1306 2150 1589 2210 nauiculis
1632 2161 1874 2228 captura
1916 2150 2036 2227 pis-

921 2248 1077 2307 cium
1098 2247 1161 2305 in
1181 2246 1365 2305 uerbo
1382 2243 1605 2305 domini
1622 2252 1859 2321 repente
1876 2261 2036 2303 com·

920 2340 1090 2419 pletis
1127 2340 1300 2398 timor
1341 2337 1711 2416 pauescentis
1751 2338 1899 2415 petri
1941 2354 2035 2397 so-

922 2436 1258 2510 ciorumque
1286 2432 1408 2492 eius
1435 2432 1689 2492 edicitur.

838 2526 1005 2586 XVI.
1047 2525 1314 2604 Leproso
1335 2526 1620 2586 mundato
1640 2525 1805 2585 multi
1824 2526 2036 2586 uirtute

922 2621 1142 2681 domini
1171 2631 1443 2681 curantur
1470 2619 1696 2680 infirmi.

837 3279 1034 3340 XVII.
1077 3278 1466 3356 Paralyticum
1496 3277 1718 3339 nudato
1748 3286 1906 3338 tecto
1948 3277 2035 3337 di-

917 3376 1163 3433 missum
1200 3383 1336 3433 ante
1377 3392 1442 3432 se
1475 3383 1532 3432 et
1562 3390 1599 3431 a
1635 3373 1887 3450 peccatis
1913 3383 1971 3433 et
2000 3391 2035 3431 a

916 3469 1166 3547 paralysi
1197 3477 1375 3528 curat.

834 3749 1063 3810 XVIII.
1111 3748 1259 3808 Leui
1292 3748 1394 3826 qui
1431 3758 1489 3807 et
1528 3746 1796 3807 matheus
1836 3748 1911 3808 de
1949 3758 2034 3807 te-

916 3845 1094 3903 loneo
1165 3851 1407 3902 uocatur
1461 3852 1890 3901 murmurantes
1958 3843 2033 3903 de

805 3997 812 4002 ,
915 3937 1362 4016 publicanorum
1432 3937 1709 3995 conuiuio
1783 3935 1883 3996 uel
1958 3936 2032 3996 de

915 4031 1134 4091 ieiunio
1183 4030 1440 4090 adhibita
1494 4031 1697 4107 sponsi
1752 4040 1811 4090 et
1856 4030 2032 4090 uesti-

914 4126 1096 4183 menti
1139 4142 1209 4183 ac
1254 4124 1373 4181 uini
1415 4125 1555 4184 noui
1598 4125 2031 4200 comparatione

912 4218 1223 4294 redarguit.

896 4635 1017 4683 XII.
1052 4634 1424 4685 mundationem
1443 4634 1513 4684 H.
1568 4634 1800 4700 quodque
1817 4636 2021 4684 VHarl.

893 4701 1046 4750 XIII.
1081 4705 1411 4751 daemonem
1427 4715 1460 4750 4
1477 4701 1736 4766 potestatis
1759 4700 1860 4750 iure
1882 4701 1954 4751 H.

892 4765 1006 4815 XV.
1041 4765 1224 4816 dicitur
1245 4767 1292 4815 V
1307 4767 1461 4816 Harl.

891 4830 1034 4880 XVI.
1070 4832 1262 4882 uirtutis
1286 4831 1355 4880 H.

893 4896 1062 4945 xvn.
1115 4897 1307 4961 peccati
1363 4897 1520 4947 Harl.

826 4962 1040 5011 iussione
1065 4962 1134 5013 H.

890 5028 1086 5076 XVIII.
1123 5035 1456 5077 murmurante
1470 5029 1653 5088 Harl.;
1684 5042 1719 5079 «ι-
1735 5044 1931 5093 quoque
1950 5029 2020 5078 H.

831 5101 884 5148 >
905 5094 1024 5143 noui
1045 5109 1106 5143 ac
1128 5093 1229 5142 uini
1256 5093 1303 5141 V
1317 5094 1544 5143 Harax*-

1797 664 2250 728 CAPITULA
2303 664 2425 724 IN
2462 661 3101 725 EUANGELJUM

2513 832 2665 898 (χῖ).

2227 925 2499 985 Sabbatis
2542 942 2905 1002 synagogam
2953 924 3041 983 in-

2305 1036 2537 1097 gressus
2556 1015 2816 1095 Ysayam
2839 1037 2902 1078 se
2924 1018 3040 1093 sig-

2305 1132 2444 1173 nare
2485 1113 2595 1172 hac
2642 1112 2865 1171 nullum
2905 1116 3042 1190 pro-

2303 1206 2545 1283 phetam
2590 1207 2651 1265 in
2700 1207 2887 1284 patria
2936 1223 3044 1266 sua

2304 1301 2445 1361 dicit
2472 1311 2796 1377 acceptum.

2220 1394 2316 1455 De
2353 1414 2474 1473 qua
2507 1394 2725 1454 electus
2767 1404 2907 1472 aput
2945 1412 3040 1454 ca-

2303 1491 2632 1570 pharnaum
2669 1487 2971 1549 hominem
3006 1507 3041 1549 a

2305 1584 2622 1645 daemonio
2669 1583 2928 1643 sabbatis
2975 1582 3041 1641 li-

2304 1679 2487 1738 berat.

2221 1772 2300 1831 Et
2370 1790 2605 1831 socrum
2677 1770 2950 1848 SymoniS
3005 1790 3041 1829 a

2303 1866 2577 1926 febribus.

2221 1960 2302 2019 Et
2330 1960 2550 2020 multos
2577 1959 2732 2019 male
2759 1959 3040 2019 habentes

2304 2062 2482 2114 curat:

2221 2147 2298 2209 Et
2325 2148 2635 2208 daemonia
2662 2167 2726 2208 se
2754 2149 3038 2209 confiten-

2303 2243 2383 2302 tia
2416 2243 2689 2320 increpat.

2218 2335 2311 2396 De
2340 2337 2475 2396 naui
2505 2336 2851 2414 adloquitur.

2221 2429 2314 2491 De
2384 2449 2502 2508 qua
2569 2432 2758 2508 pisces
2827 2429 3040 2490 multos

2304 2526 2435 2602 capi
2462 2524 2611 2584 facit.

2222 2617 2341 2678 Ubi
2400 2620 2611 2678 aetiam
2664 2628 2896 2695 petrum
2943 2618 3039 2677 Io·

2302 2712 2559 2772 hannem
2628 2723 2687 2772 et
2755 2710 3039 2772 Iacobum

2301 2805 2517 2884 heligit.

2221 2899 2552 2978 Leprosum
2578 2900 2841 2960 mundat.

2221 2993 2292 3052 In
2322 2994 2552 3054 deserto
2580 2991 2763 3053 horat.

2137 3281 2221 3339 V.
2283 3277 2746 3351 Paralytieum
2807 3280 3037 3337 dimis-

2300 3389 2455 3431 sum
2553 3388 2678 3443 per
2774 3359 3037 3431 tectum

2299 3470 2546 3525 Ihosus
2621 3483 2664 3526 a
2736 3468 3035 3538 peccatis

2301 3567 2413 3619 aet
2456 3563 2592 3619 hab
2640 3562 3034 3620 infirmitate

2298 3657 2565 3714 liberat.

2219 3746 2366 3807 Leui
2434 3747 2809 3825 publicanum
2868 3750 3034 3825 sequi

2298 3843 2477 3902 iubet.

2216 3937 2381 4015 Aput
2408 3955 2588 4014 quem
2624 3937 3032 3995 murmuranti-

2296 4032 2406 4090 bus
2448 4030 2766 4110 pharisaeis
2813 4048 3031 4091 cenans

2298 4125 2432 4184 dicit
2483 4125 2640 4184 sanis
2690 4142 2816 4185 non
2868 4143 3031 4185 aesse

2297 4220 2488 4296 hopus
2516 4219 2827 4279 medicum.

2215 4313 2308 4373 De
2334 4313 2572 4390 geiunio
2602 4313 2903 4390 disputans
2930 4332 3030 4390 pa-

2295 4406 2560 4466 rabulam
2602 4408 2785 4484 panni
2827 4418 2885 4467 et
2925 4407 3030 4466 hu-

2296 4501 2469 4559 trium
2499 4501 2678 4577 ponit.

2192 4636 2320 4686 1111.
2342 4638 2594 4686 sabbati·
2610 4649 2646 4686 4-
2662 4637 2712 4686 in
2743 4637 2912 4687 Thom-
2968 4651 3029 4687 ιο

2127 4705 2380 4761 signare:
2415 4702 2483 4752 al.
2511 4701 2633 4765 legit
2656 4702 2742 4751 ubi
2759 4702 2822 4752 de
2838 4717 2899 4752 eo
2915 4718 3029 4767 pro·

2127 4768 2416 4833 phetauerat
2438 4774 2517 4832 ap.
2543 4766 2715 4817 Thone.
2783 4770 3025 4818 electus:

2125 4834 2311 4884 eiectus
2352 4833 2525 4884 Thone.
2592 4835 2827 4892 helicis:
2875 4832 3027 4899 elegit

1604 4904 1764 4948 curat
1800 4910 1837 4947 -ι-
1873 4897 2022 4947 solita
2134 4899 2306 4949 Thom.

2192 4964 2253 5013 V.
2289 4963 2446 5013 Leuin
2470 4962 2640 5013 Thom.
2698 4970 2746 5012 et
2762 4963 2827 5014 de
2843 4963 3027 5013 ieiunio

2135 5030 2304 5080 Thom.

3146 830 3587 895 BoJ(breuaes)ox
3598 832 3722 881 Par.
3735 832 3852 882 Lat.
3866 835 4041 896 ¹04⁸&

3227 941 3591 1001 synagogam
3619 925 3838 982 esaiam
3865 924 4004 1001 legit

3145 1399 3219 1459 de
3263 1418 3380 1478 qua
3416 1400 3635 1461 eiectus
3670 1401 3971 1461 hominem
4007 1420 4043 1461 a

3226 1494 3512 1554 daemone
3542 1496 3796 1556 sabbatis
3822 1495 4026 1556 liberat

3145 1787 3200 1835 et
3228 1776 3442 1837 multos
3469 1776 3614 1837 alios
3642 1787 3804 1838 curat

3144 2338 3217 2398 de
3247 2339 3382 2399 naui
3412 2338 3721 2416 alloquitur

3144 2451 3261 2510 qua
3290 2433 3480 2509 pisces
3507 2433 3722 2492 multos
3749 2432 3879 2509 capi
3906 2430 4040 2492 fecit

3142 2631 3200 2680 et
3216 2631 3447 2698 petrum
3468 2620 3787 2680 iohannem
3804 2631 3862 2680 et
3879 2620 4037 2680 iaco-

3225 2716 3365 2774 bum
3396 2714 3569 2790 elegit

3142 2903 3441 2982 leprosum
3467 2901 3713 2961 mundat

3141 3008 3199 3056 et
3226 2997 3286 3056 in
3315 2997 3545 3056 deserto
3574 3007 3718 3056 orat.

3142 3279 3217 3339 V.
3276 3278 3664 3355 Paralyticum
3734 3279 4035 3339 dimissum

3221 3392 3329 3451 per
3354 3384 3572 3433 tectum
3598 3383 3763 3433 curat

3138 3750 3250 3809 leui
3279 3749 3655 3827 publicanum
3684 3751 3849 3827 sequi
3879 3751 4036 3809 iubet

3135 4135 3194 4185 et
3224 4124 3540 4203 pharisaeis
3576 4125 3716 4186 dicit
3753 4144 3875 4185 non
3904 4142 4032 4184 esse

3218 4238 3367 4297 opus
3396 4220 3553 4279 sanis
3581 4219 3844 4279 medicus

3200 4635 3323 4685 IIII.
3344 4650 3532 4701 synago
3613 4636 3652 4686 J
3663 4636 3838 4687 Thone.
3893 4639 4034 4695 legis

3148 4715 3182 4750 4-
3199 4701 3497 4777 prophetam
3581 4738 3593 4749 .
3648 4700 3926 4778 ‚daemonio
3965 4702 4029 4751 Θ.

3132 4766 3457 4891 ἓέωῗῖἒμῖ·
3495 4765 3867 4883 ψ’ἓςῗωεὲοξι
3901 4766 4031 4883 {35¹5

3140 4897 3311 4947 Thom.
3360 4902 3697 4955 petr-amnt
3716 4898 3842 4949 Bos
3858 4898 4028 4949 Thom.

3131 4964 3788 5026 om.etpostiohannem0.
3824 4963 4027 5028 eligitJ.

3198 5028 3259 5076 V.
3292 5034 3538 5078 tectum:
3573 5028 3757 5079 lectum
3786 5029 3929 5096 lapsu
3961 5029 4026 5078 X.

3130 5099 3352 5144 curat-1·
3380 5101 3431 5143 et
3473 5094 3528 5144 J.
3597 5094 3846 5145 medicum
3891 5094 4029 5145 ΒΘΟ

3075 5187 3081 5236 3
3139 5160 3327 5217 Thone..
3349 5159 3544 5211 medico
3566 5161 3622 5210 J.
