4717 6400
740 677 779 723 1.
804 671 988 739 7-15.]
1316 666 1967 729 EUANGELIUM
2017 666 2550 729 SECUNDUM
2598 668 3167 731 MATTHEUM.
3674 686 3759 752 43

736 852 891 916 abia
920 862 1143 916 autem
1176 853 1402 936 genuit
1433 874 1549 917 asa

689 961 718 1000 ⁸
735 977 852 1020 asa
881 967 1106 1021 autem
1134 958 1363 1040 genuit
1394 956 1700 1041 iosaphat

736 1060 1046 1143 iosaphat
1082 1071 1309 1125 autem
1340 1063 1570 1146 genuit
1600 1063 1815 1128 ioram

660 1232 674 1246 ‚
735 1165 948 1230 ioram
979 1176 1204 1229 autem
1234 1167 1467 1249 genuit
1497 1167 1719 1230 oziam

686 1280 714 1317 ⁹
735 1269 915 1332 ozias
944 1279 1169 1333 autem
1198 1270 1430 1352 genuit
1460 1271 1755 1334 ioatham

735 1372 1035 1436 ioatham
1063 1383 1286 1437 autem
1316 1375 1545 1457 genuit
1575 1374 1783 1438 achaz

732 1475 938 1539 achaz
974 1487 1201 1541 autem
1232 1478 1463 1560 genuit
1492 1476 1829 1542 ezechiam

660 1593 715 1633 10
734 1579 1031 1644 ezechias
1062 1591 1284 1645 autem
1316 1583 1549 1665 genuit
1578 1602 1927 1646 manassen

735 1703 1074 1748 manasses
1103 1693 1330 1749 autem
1360 1687 1591 1769 genuit
1620 1705 1819 1751 amon

735 1809 936 1852 amon
966 1800 1191 1853 autem
1221 1790 1448 1873 genuit
1485 1791 1719 1853 iosiam

662 1895 717 1935 ¹¹
736 1892 933 1956 iosias
948 1904 1170 1957 autem
1195 1895 1422 1977 genuit
1445 1892 1817 1957 iechoniam
1835 1903 1902 1956 et
1916 1891 2151 1956 fratres

821 1998 960 2061 eius
992 1998 1057 2061 in
1089 1999 1670 2082 transmigratione
1698 1997 2051 2079 babylonis

2286 853 2335 892 ¹²
2357 864 2428 917 et
2458 865 2613 938 post
2691 855 3340 938 transmigrationem
3413 855 3762 938 babylonis

2447 959 2777 1023 iechonias
2807 962 3039 1043 genuit
3069 957 3374 1023 salathiel

2355 1062 2660 1127 salathiel
2699 1074 2921 1127 autem
2957 1065 3186 1146 genuit
3216 1061 3576 1127 zorobabel

2276 1169 2334 1209 ¹³
2355 1168 2712 1232 zorobabel
2744 1178 2968 1232 autem
3000 1169 3232 1252 genuit
3262 1168 3464 1232 abiud

2354 1273 2558 1336 abiud
2589 1281 2816 1336 autem
2846 1273 3074 1355 genuit
3105 1271 3408 1337 eliachim

2354 1374 2660 1439 eliachim
2692 1387 2915 1439 autem
2946 1377 3176 1459 genuit
3208 1396 3368 1440 azor

2284 1485 2335 1524 ¹⁴
2355 1499 2514 1544 azor
2540 1490 2765 1543 autem
2794 1481 3024 1562 genuit
3056 1481 3264 1561 sadoc

2354 1585 2558 1648 sadoc
2594 1594 2819 1647 autem
2849 1583 3078 1666 genuit
3108 1583 3329 1647 achim

2355 1686 2575 1750 achim
2608 1698 2833 1751 autem
2863 1687 3090 1770 genuit
3121 1686 3298 1750 eliud

2283 1799 2337 1839 1⁵
2355 1790 2534 1855 eliud
2567 1802 2794 1855 autem
2826 1791 3054 1873 genuit
3086 1791 3343 1854 eleazar

2356 1894 2613 1958 eleazar
2641 1906 2867 1959 autem
2897 1895 3128 1978 genuit
3164 1892 3471 1957 matthan

2359 1997 2667 2062 matthan
2700 2008 2925 2062 autem
2957 1998 3188 2081 genuit
3217 1994 3411 2061 iacob

735 2277 999 2335 roboam.
1080 2277 1323 2336 roboam
1387 2286 1582 2334 autem
1644 2275 1848 2352 genuit
1889 2276 2100 2334 abiam.
2182 2276 2317 2334 abia
2380 2286 2574 2334 autem
2637 2275 2839 2352 genuit
2894 2292 3014 2333 asa.
3097 2272 3120 2305 ⁰
3140 2290 3242 2331 asa
3291 2281 3486 2330 autem
3547 2272 3748 2348 genuit

734 2373 1020 2451 iosaphat.
1114 2375 1383 2452 iosaphat
1438 2383 1635 2432 autem
1690 2375 1895 2450 genuit
1951 2374 2152 2432 ioram.
2249 2374 2435 2433 ioram
2489 2383 2686 2432 autem
2747 2373 2950 2450 genuit
3005 2372 3212 2430 oziam.
3296 2370 3319 2404 ⁹
3337 2370 3496 2429 ozias
3551 2379 3747 2428 autem

734 2470 935 2546 genuit
976 2468 1252 2528 ioatham.
1323 2468 1518 2528 ioatha
1565 2478 1763 2526 autem
1796 2468 2001 2544 genuit
2047 2467 2245 2526 achaz.
2299 2467 2486 2527 achaz
2529 2479 2728 2527 autem
2774 2467 2976 2544 genuit
3023 2465 3338 2526 ezechiam.
3421 2462 3466 2496 ¹⁰
3487 2463 3748 2524 ezechias

734 2574 932 2622 autem
982 2565 1183 2641 genuit
1227 2581 1574 2622 manassem.
1658 2580 1959 2621 manasses
2001 2572 2195 2620 autem
2234 2562 2437 2639 genuit
2470 2581 2730 2622 ammon.
2800 2579 3042 2620 ammon
3070 2569 3268 2619 autem
3296 2559 3495 2636 genuit
3524 2560 3749 2618 iosiam.

734 2655 971 2717 ¹¹iosias
1017 2669 1213 2717 autem
1249 2658 1448 2734 genuit
1484 2655 1814 2714 iechoniam
1857 2665 1916 2717 et
1953 2654 2155 2714 fratres
2190 2656 2333 2714 eius.
2412 2657 2474 2714 in
2515 2656 3024 2731 transmigratione
3067 2652 3382 2730 babylonis
3461 2651 3506 2686 ¹⁹
3521 2662 3579 2712 et
3610 2663 3748 2729 post

734 2752 1241 2829 transmigratione
1293 2751 1619 2828 babylonis.
1694 2750 1995 2809 iechonias
2039 2750 2240 2827 genuit
2279 2749 2559 2808 salathiel.
2640 2748 2896 2808 salathiel
2925 2758 3121 2807 autem
3169 2748 3371 2824 genuit
3417 2746 3750 2807 zorobabel.

735 2845 781 2879 ¹³
801 2847 1112 2907 zorobabel
1184 2856 1377 2905 autem
1454 2844 1663 2923 genuit
1732 2843 1955 2903 abiuth.
2041 2843 2240 2902 abiuth
2309 2853 2505 2902 autem
2576 2844 2776 2922 genuit
2844 2842 3130 2903 eliachim.
3224 2841 3492 2901 eliachim
3548 2850 3750 2901 autem

736 2942 937 3018 genuit
992 2959 1149 3001 azor.
1225 2940 1269 2973 ¹⁴
1287 2959 1427 2999 azor
1495 2950 1691 2999 autem
1760 2939 1962 3016 genuit
2022 2937 2301 2998 saddoch.
2392 2937 2658 2998 saddoch
2727 2948 2924 2997 autem
2984 2936 3187 3014 genuit
3261 2935 3469 2995 achim.
3552 2935 3748 2995 achim

735 3047 935 3095 autem
977 3036 1181 3113 genuit
1223 3033 1425 3106 eliuth,
1452 3034 1495 3068 ¹¹⁵
1513 3033 1690 3092 eliuth
1734 3044 1930 3093 autem
1979 3032 2178 3109 genuit
2220 3032 2450 3091 eliazar.
2533 3032 2741 3092 eliazar
2777 3043 2973 3092 autem
3006 3031 3209 3109 genuit
3234 3030 3517 3089 matthan.
3597 3039 3752 3089 mat·

736 3281 812 3331 bis
838 3281 899 3341 C,
934 3280 1140 3331 roboam
1166 3318 1178 3330 .
1205 3317 1222 3330 .
1242 3317 1259 3331 .
1287 3282 1486 3342 roboaS,
1509 3282 1688 3344 ERW,
1710 3284 1834 3334 robu
1856 3282 1946 3345 L*,
1968 3283 2143 3333 deinde

737 3359 922 3408 robuas
955 3359 1035 3409 L0.
1111 3361 1243 3409 abia
1274 3358 1350 3408 bis
1380 3376 1493 3408 cum
1519 3377 1696 3426 graeco
1729 3362 1939 3411 FUWY
1971 3361 2140 3410 Bentl.
2349 3360 2436 3409 Ro.

2348 3281 2489 3331 niam
2520 3283 2587 3345 Q,
2620 3281 2867 3332 ieconiam
2896 3282 2935 3331 J
2940 3282 3024 3342 W,
3065 3280 3313 3331 ioconiam
3347 3279 3443 3340 1³¹²,
3473 3280 3759 3330 ioehoniam

2512 3359 2563 3408 in
2597 3359 3082 3424 transmigrationem
3114 3356 3586 3423 ABCDJPLQUW
3621 3359 3762 3421 (ante

747 3438 940 3488 Tisch.:
973 3437 1140 3487 abiam
1165 3474 1179 3487 .
1203 3474 1215 3486 .
1240 3474 1251 3487 .
1277 3437 1394 3487 abia
1416 3436 2142 3505 ABCfffflKNerxzw,

736 3515 906 3564 abiam
926 3551 947 3566 .
968 3553 982 3566 .
1005 3552 1021 3564 .
1041 3516 1183 3564 abias
1206 3515 1329 3565 ΕΘ*
1354 3517 1402 3580 (s
1422 3517 1575 3580 eras.)
1599 3514 1724 3580 ὄπ,
1747 3518 1913 3568 abiam
1944 3517 2020 3566 bis
2038 3516 2142 3571 JT,

738 3593 891 3643 abiud
912 3594 988 3642 bis
1011 3593 1290 3643 DffwLR.

808 3684 857 3736 7,
880 3674 932 3721 8.
964 3672 1432 3736 asabiscodd.pl.:
1469 3688 1643 3725 asam.
1668 3710 1684 3723 .
1708 3712 1721 3724 .
1745 3673 2145 3737 asaQ‚assabis

738 3751 800 3810 E,
823 3749 982 3814 asaph
1002 3750 1077 3798 bis
1098 3749 1280 3805 Dee-¹0,
1300 3749 1484 3815 assaph
1507 3750 1582 3799 bis
1602 3751 1663 3808 L,
1685 3751 1905 3802 assafath
1928 3751 2002 3800 bis
2026 3751 2086 3799 R.

805 3829 859 3878 8.
887 3830 1150 3884 iosaphat
1175 3827 1251 3876 bis
1274 3842 1389 3876 cum
1407 3828 2145 3879 ABDH'FHOJKM'UWXY

739 3906 779 3955 Z
800 3922 911 3969 νέμε
944 3903 1123 3954 iosafat
1155 3904 1231 3953 bis
1265 3904 1378 3968 QT,
1400 3905 1644 3969 iosaphad
1677 3907 1751 3955 bis
1781 3906 1843 3966 C,
1876 3905 2144 3971 iosaphath

737 3983 815 4031 bis
853 3982 965 4042 RV,
1011 3981 1241 4045 iosapath
1284 3981 1359 4031 bis
1402 3983 1481 4043 E;
1534 3984 1726 4033 iosasad
1749 4021 1762 4034 .
1791 4020 1805 4032 .
1828 4019 1842 4033 .
1868 3985 2047 4034 iosafat
2082 3984 2143 4032 L.

738 4060 933 4111 ihomm
955 4097 973 4110 .
994 4096 1013 4112 .
1034 4096 1048 4110 .
1070 4060 1230 4109 ioram
1276 4059 1337 4122 C,
1392 4060 1550 4111 ioram
1573 4097 1590 4110 .
1615 4100 1631 4112 .
1653 4099 1666 4114 .
1690 4062 1823 4112 ioras
1869 4063 2140 4126 Bff-vLQ,

738 4140 905 4190 iuram
925 4177 939 4192 .
965 4175 983 4190 .
1004 4175 1017 4188 .
1041 4139 1172 4188 iuras
1205 4138 1269 4187 R.

806 4219 855 4277 8,
888 4232 939 4281 9.
984 4220 1167 4267 oziam
1211 4218 1366 4266 osias
1408 4218 1542 4268 codd.
1572 4218 1690 4282 sere
1731 4234 1898 4270 omnes
1940 4225 1988 4268 et
2028 4233 2141 4282 τις-,ε

738 4311 916 4360 oxy-am
933 4311 1084 4359 ozyas
1095 4295 1163 4355 C,
1178 4293 1359 4343 ioziam
1374 4294 1529 4344 iozias
1546 4296 1608 4357 R,
1625 4297 1790 4346 oziam
1807 4297 1969 4345 oziam
1988 4295 2141 4345 LTY.

799 4388 855 4443 9.
888 4375 1142 4422 ioatham
1186 4371 1261 4421 bis
1304 4372 1434 4421 codd.
1466 4374 1599 4438 pler.
1621 4391 1635 4424 ε
1682 4373 1873 4423 iotham
1909 4374 1984 4422 bis
2027 4373 2143 4434 DL,

739 4451 933 4500 iotham
965 4449 1132 4499 iothas
1158 4449 1225 4510 R,
1255 4448 1479 4499 ioatham
1511 4449 1705 4500 ioathas
1731 4450 1893 4511 Hos,
1924 4450 2143 4500 ioatham

738 4527 915 4578 ioatha
952 4529 1019 4589 E,
1058 4526 1284 4577 ioatham
1328 4527 1534 4578 ioathan
1576 4530 1661 4590 W,
1705 4529 1929 4579 ioatham
1972 4528 2145 4579 ioatha

738 4605 829 4656 ΞΡ*
852 4607 953 4669 (-as
973 4621 1060 4655 sec.
1078 4605 1198 4667 3³¹).
1264 4621 1382 4656 acaz
1402 4606 1477 4655 bis
1497 4606 1559 4668 T,
1584 4607 1763 4658 acham
1786 4607 1936 4657 achas
1958 4608 2020 4671 Q.

807 4699 861 4748 9,
909 4697 991 4734 10.
1051 4683 1269 4733 ezeciam
1351 4685 1540 4735 ezecias
1631 4684 1828 4750 Tvm,
1928 4686 2145 4736 ezeciam

738 4760 967 4812 ezechias
1003 4760 1091 4810 ff*
1127 4760 1341 4824 (chiam
1378 4762 1501 4824 3³⁰),
1534 4763 1804 4814 etzechiam
1848 4764 2037 4814 etzeehi
2076 4765 2142 4812 D.

811 4853 889 4890 10.
920 4855 1219 4890 manassen
1261 4855 1548 4890 manasses
1581 4858 1697 4891 cum
1730 4841 2144 4892 CEFHQKMV

741 4917 935 4967 WX*Z
973 4919 1221 4980 (manasse
1264 4933 1520 4969 manasses
1551 4920 1618 4980 A,
1652 4920 1742 4969 sed
1771 4936 1897 4969 -sem
1937 4920 1996 4968 in
2026 4919 2144 4968 edit.

751 4995 1136 5062 TzZs-ckendorfii)
1159 5010 1261 5059 vg.:
1304 5012 1599 5047 mannassen
1636 5013 1919 5048 mannasses
1954 4999 2003 5046 D
2030 4998 2145 5061 (-se,

741 5074 865 5135 -ses)
923 5072 987 5134 R,
1043 5089 1327 5123 manassem
1385 5090 1639 5125 manasses
1697 5076 1857 5136 BUY,
1912 5090 2145 5125 manasen

742 5166 993 5202 manasses
1027 5152 1101 5211 ΞΡ,
1125 5168 1384 5203 manassen
1417 5154 1493 5203 bis
1523 5154 1562 5203 J
1566 5154 1630 5214 T,
1655 5169 1937 5203 manassem
1970 5152 2047 5201 bis
2079 5152 2147 5215 Q,

744 5244 947 5278 mannes
974 5229 1092 5292 (Lt)
1117 5245 1402 5282 mannasses
1423 5232 1487 5281 L.
1551 5246 1755 5281 ammon
1777 5233 1852 5281 bis
1874 5231 1989 5280 ἘΙ-Ι
2018 5232 2146 5293 (non

744 5307 836 5368 Θ),
857 5323 999 5357 amos
1020 5308 1096 5357 bis
1118 5307 1328 5372 DLQR.

814 5398 891 5446 10,
918 5399 995 5435 11.
1028 5386 1231 5436 iossiam
1252 5388 1430 5438 iossias
1453 5389 1521 5449 D,
1544 5388 1748 5438 iossiam
1773 5387 1925 5439 iosias
1948 5387 2023 5436 ff.

816 5477 890 5514 11.
924 5465 1043 5514 Post
1067 5468 1240 5514 iosias
1273 5472 1465 5517 autem
1486 5482 1581 5517 om.
1604 5470 1803 5526 genuit
1825 5467 1885 5518 E.
1955 5465 2145 5518 iaccho·

2348 3444 2411 3487 et
2455 3441 2660 3488 stati-es
2701 3439 2838 3488 linea
2867 3438 2985 3503 sere
3022 3443 3125 3486 tota
3167 3452 3313 3485 erasa
3356 3436 3417 3485 in
3455 3437 3501 3485 L
3513 3453 3527 3498 ;
3581 3439 3596 3464 ‘
3610 3436 3762 3485 litera

2336 3516 2519 3582 prima
2543 3517 2752 3566 uidetur
2771 3532 2867 3566 esse
2887 3517 2926 3566 J
2944 3513 2958 3537 '
2980 3514 3288 3576 Scrivener).

2419 3607 2496 3654 11,
2526 3608 2603 3644 12.
2635 3593 2887 3643 babilonis
2916 3593 2990 3641 bis
3011 3592 3356 3655 H’KQRTW,
3391 3589 3666 3641 babillonis
3687 3591 3763 3640 bis

2348 3672 2408 3732 Ε,
2449 3672 2699 3722 babilonis
2729 3709 2742 3722 .
2778 3708 2791 3721 .
2825 3669 3113 3720 babiloniae
3145 3670 3204 3730 L,
3244 3669 3544 3734 babyloniae
3582 3669 3658 3719 bis
3691 3670 3760 3726 D,

2348 3751 2613 3813 babylonis
2635 3788 2649 3800 .
2681 3786 2694 3799 .
2727 3750 2981 3800 babilonis
3009 3748 3092 3797 Μ’.
3176 3756 3294 3812 post
3325 3748 3761 3812 transmigratione

2348 3828 2515 3877 X*Z*.
2606 3828 2819 3878 ieconias
2886 3828 2922 3877 J
2927 3827 2996 3875 M·
2999 3827 3080 3883 W,
3160 3826 3287 3875 iech.
3362 3832 3528 3875 autem
3601 3825 3756 3874 ELR.

2349 3905 2621 3957 salathiel
2653 3906 2730 3954 bis
2761 3922 2875 3955 cum
2909 3903 3628 3968 ADSPHQJLQRUVWXY
3660 3919 3758 3968 νέες

2350 3984 2584 4035 salatihel
2624 3983 2699 4032 bis
2731 3984 2820 4032 EF
2824 3983 2963 4044 KM',
3006 3982 3276 4032 salathihel
3309 3982 3384 4031 bis
3416 3982 3476 4042 C,
3524 3980 3759 4031 salatihel

2354 4062 2421 4113 Ζ*
2449 4062 2650 4126 (·thihel
2685 4062 2769 4124 ΖΟ)
2811 4061 2988 4111 deinde
3026 4060 3277 4118 salathiel,
3323 4058 3590 4110 salathihel
3626 4060 3758 4109 sala·

2349 4140 2476 4190 thiel
2498 4141 2554 4197 B,
2577 4140 2774 4189 salatiel
2797 4140 2871 4188 bis
2892 4140 2953 4189 T.

2420 4232 2497 4279 ιο,
2537 4231 2616 4280 13.
2653 4220 2956 4267 zorobabel
3007 4216 3277 4267 sorobabel
3327 4216 3396 4273 D,
3454 4214 3758 4265 zorobbabel

2348 4297 2425 4348 bis
2464 4298 2538 4358 ΞΡ,
2585 4295 2847 4346 zorababel
2887 4295 2964 4344 bis
3002 4295 3060 4352 L,
3103 4294 3354 4345 zorbabiel
3397 4293 3647 4343 sorbabiel
3694 4293 3757 4351 R,

2348 4375 2635 4425 sorobabiel
2717 4374 2979 4424 sorobabel
3061 4372 3125 4435 Q.
3227 4372 3404 4423 abiuth
3479 4371 3622 4421 abiut
3692 4371 3756 4421 T.

2349 4456 2614 4503 eliachim
2657 4452 2732 4502 bis
2773 4468 2888 4501 cum
2920 4449 3758 4501 ACDEEPFHOKLM’RUVWX

2349 4527 2542 4585 YZ⁸52
2575 4530 2773 4581 eliacim
2793 4529 2868 4578 bis
2891 4527 3219 4593 BszsfflQr,
3253 4527 3490 4579 eliachim
3511 4527 3559 4576 T
3580 4527 3758 4577 deinde

2348 4607 2544 4659 eliciam
2568 4606 2642 4657 T*
2668 4607 2889 4672 (eliacim
2912 4608 3022 4670 T0),
3044 4606 3314 4657 heliachim
3337 4606 3379 4655 C
3403 4606 3494 4654 bis.

2420 4700 2497 4749 14.
2532 4701 2685 4750 agzor
2718 4685 2809 4735 V*.
2876 4690 3046 4736 sadoc
3083 4685 3159 4734 bis
3190 4700 3304 4733 cum
3330 4698 3504 4748 graeco
3535 4689 3586 4732 et
3617 4682 3756 4733 EJK

2349 4763 2583 4813 LMVZ*
2607 4780 2684 4828 vg.
2710 4780 2722 4812 z
2757 4764 2914 4814 sadoc·
2945 4765 3015 4822 D,
3046 4762 3236 4814 sadoch
3266 4762 3349 4824 W,
3381 4761 3572 4812 saddoc
3604 4761 3757 4811 ABR>

2352 4842 2828 4899 FHORTUXYZ3,
2893 4841 3116 4892 saddoch
3195 4842 3256 4890 C.
3320 4868 3324 4872 .
3353 4838 3501 4890 achin
3561 4840 3635 4889 bis
3689 4840 3755 4890 ς’.

2350 4920 2554 4970 achiam
2575 4919 2749 4970 achias
2774 4920 2845 4981 B;
2880 4920 2969 4971 sed
2985 4919 3219 4970 eliachim
3243 4919 3319 4967 bis
3341 4919 3404 4969 F.

2324 5009 2332 5019 ·
2421 5013 2499 5062 14,
2535 5012 2611 5061 15.
2684 4998 2860 5048 heliud
2933 4999 3011 5047 bis
3079 4998 3148 5059 C,
3220 4997 3393 5047 heliud
3469 4996 3625 5047 heliut
3691 4996 3752 5044 T.

2352 5076 2582 5126 heleazar
2614 5076 2689 5125 bis
2722 5076 2782 5136 C,
2827 5077 3009 5126 eliazar
3042 5075 3117 5125 bis
3149 5075 3223 5132 ΞΡ.
3257 5074 3438 5125 eliazar
3468 5075 3659 5124 eleazar
3690 5074 3750 5134 L,

2349 5153 2543 5205 eleazar
2574 5154 2771 5204 alcazar
2799 5155 2870 5212 X,
2902 5153 3118 5204 eliazara
3151 5152 3278 5203 eliaz
3312 5153 3384 5212 D,
3415 5151 3566 5202 elizar
3594 5151 3669 5200 bis
3691 5151 3757 5203 R.

2349 5236 2612 5282 matthan
2646 5232 2722 5281 bis
2755 5248 2870 5281 cum
2911 5229 3362 5282 BCH’FHOJKM
3405 5231 3488 5293 (ut
3523 5229 3751 5290 uidetur)

2352 5310 2711 5362 M'vavzs·
2728 5328 2740 5360 ε
2784 5311 3011 5361 matthan
3049 5310 3297 5360 mattham
3330 5309 3398 5366 A,
3435 5307 3641 5357 mathan
3680 5307 3756 5356 bis

2352 5388 2565 5438 ERTW
2588 5404 2687 5453 vg„
2731 5388 2937 5439 mathan
2974 5388 3173 5439 mathas
3206 5388 3276 5451 Q,
3310 5386 3533 5436 matham
3572 5385 3647 5435 bis
3682 5386 3751 5448 D,

2352 5468 2580 5517 matham
2603 5465 2777 5517 matha
2800 5467 2858 5517 L

3288 5563 3421 5613 G2
