4717 6400
1048 827 1275 893 mmo.

730 930 1016 1008 magister
1063 950 1277 1010 sequar
1317 942 1377 994 te
1429 944 1489 994 et
1542 933 1658 995 alio

731 1024 882 1083 dixit
922 1025 1013 1085 ihs
1052 1044 1294 1104 sequere
1335 1046 1435 1088 me
1478 1040 1537 1089 et
1584 1029 1658 1088 In

731 1119 1006 1179 nauicula
1047 1120 1343 1183 dormiens
1382 1124 1661 1185 excitatur

733 1230 775 1270 a
800 1212 1115 1290 discipulis.

1711 661 2242 725 SECUNDUM
2273 663 2413 725 MA
2428 664 2839 731 TTHEUM.

2117 836 2156 886 J
2185 834 2416 899 (breues).

1843 926 2151 987 moniacos
2194 929 2381 988 multo
2451 929 2681 990 curauit
2712 941 2773 991 et

1843 1020 1989 1079 mari
2016 1031 2077 1081 et
2102 1032 2282 1081 uento
2310 1023 2636 1100 imperauit.

653 2266 823 2327 XXI.
863 2265 954 2326 IN
1009 2276 1162 2329 terra
1228 2269 1662 2345 gerassinorum
1766 2272 1899 2332 XV.
1943 2274 2062 2336 Ubi
2102 2277 2160 2337 in
2204 2281 2445 2358 regione
2476 2281 2769 2344 Gerasen-

735 2363 1030 2439 legionem
1060 2363 1402 2423 demonium
1429 2364 1588 2423 iecit.

655 2548 858 2609 XXII.
900 2548 1023 2609 Ubi
1082 2548 1456 2609 Paraliticum
1501 2550 1665 2611 iussit

740 2644 835 2705 11e
879 2663 1019 2704 cum
1058 2643 1213 2704 lecto
1259 2655 1320 2704 et
1361 2645 1664 2704 matheum

738 2748 916 2798 uocat
944 2738 1019 2797 de
1046 2738 1288 2816 tylonio.

651 2830 885 2891 XXIII.
927 2830 1071 2892 Non
1089 2842 1264 2910 egent
1286 2832 1415 2892 sani
1431 2833 1664 2894 medico

634 2980 641 2989 .
740 2926 846 2987 sed
872 2926 1026 2986 male
1051 2925 1357 2987 habentes

658 3304 924 3364 XXIIII.
996 3303 1138 3365 Non
1215 3303 1489 3364 Ieiunant
1566 3304 1665 3362 filii

741 3399 944 3477 sponsi
1017 3400 1280 3477 quandiu
1342 3398 1497 3458 Cum
1558 3399 1667 3458 illis

738 3511 1011 3571 sponsus,

658 3585 854 3646 XXV.
889 3586 1009 3647 Ubi
1037 3588 1297 3648 muliera
1325 3586 1504 3647 fluuio
1532 3605 1666 3646 san-

739 3681 934 3758 guinis
969 3681 1243 3742 liberatur
1269 3690 1328 3740 et
1355 3681 1473 3740 filia
1499 3680 1666 3739 Prin-

738 3775 888 3853 cipis
914 3776 971 3833 A
997 3785 1186 3836 morte
1215 3775 1502 3836 liberatur.

654 3963 882 4023 XXVI.
923 3962 1043 4022 Ubi
1066 3964 1257 4024 caecis
1278 3962 1480 4024 oculos
1501 3982 1666 4041 aper-

740 4060 829 4116 uit
855 4067 913 4117 et
941 4059 1181 4118 sordum
1207 4069 1268 4118 et
1295 4070 1523 4118 mutum
1563 4058 1667 4118 de-

738 4152 1003 4211 monium
1031 4153 1179 4212 iecit.

656 4245 919 4306 XXVII.
960 4246 1177 4307 Messis
1209 4246 1445 4324 quidem
1485 4246 1670 4305 multa

746 4341 993 4419 operarii
1026 4351 1224 4401 autem
1260 4342 1432 4418 pauci
1474 4351 1532 4400 et
1570 4340 1668 4400 dat

743 4436 1021 4512 apostolis
1038 4443 1386 4512 potestatem
1409 4436 1665 4494 curandi.

725 4596 819 4645 Ad
843 4600 895 4645 et
929 4596 980 4644 in
1012 4594 1248 4644 nauicula
1281 4596 1381 4644 inc.
1404 4594 1591 4643 XXIII
1612 4595 1665 4644 in

656 4660 735 4710 Ἠ).
801 4663 1100 4717 manipulis
1116 4674 1150 4709 -ι-
1165 4661 1268 4709 suis
1287 4660 1362 4710 ΞΡ.

724 4726 871 4777 XXI.
920 4727 1059 4776 ÷ubi
1081 4732 1199 4775 ante
1221 4725 1271 4774 in
1297 4732 1427 4775 terra
1448 4725 1522 4774 ΞΡ.

722 4792 897 4842 XXII.
928 4795 1238 4843 100t0÷su0
1260 4790 1384 4855 ffQ.
1442 4794 1664 4849 tylonio

669 4869 708 4906 4-
723 4873 816 4906 suo
838 4858 897 4905 Ξ)
949 4894 964 4908 .

723 4857 947 4972 xxnss
964 4921 1211 4972 medicum
1235 4920 1409 4984 ffGQ.

723 4988 958 5039 XXIIII.
992 4990 1114 5037 im·
1145 5002 1182 5034 4
1209 4994 1285 5037 est
1307 4986 1482 5050 ffGQ.

722 5052 891 5104 XXV.
965 5052 1179 5102 rofluuio
1208 5052 1382 5116 ffGQ.
1408 5068 1502 5102 om.
1538 5067 1661 5102 aan-

656 5121 848 5177 guini-
905 5070 979 5169 ΞΒ.
1083 5121 1366 5168 liberatur
1389 5135 1402 5169 ε
1465 5125 1664 5167 curatur

657 5184 833 5248 ffGQ.
890 5187 992 5234 nb.
1015 5200 1102 5234 sec.
1120 5185 1385 5234 suscitatur
1395 5183 1627 5247 ZPG(re-)
1650 5200 1660 5233 :

712 5287 918 5365 'xva
953 5312 1187 5365 liberauit
1218 5321 1336 5363 ante
1364 5316 1559 5380 aperuit
1594 5316 1660 5365 D.

656 5380 838 5495 arima
906 5389 1097 5430 netum.
1161 5396 1258 5431 om.
1292 5385 1353 5431 et
1389 5390 1509 5430 ante
1541 5397 1659 5430 mu·

724 5511 944 5562 XXVII.
984 5518 1042 5569 >
1058 5512 1261 5562 curandi
1280 5518 1577 5577 potestatem
1596 5512 1659 5562 G.

1847 2388 2024 2430 orum
2053 2371 2203 2433 duos
2221 2373 2491 2436 homines
2513 2395 2549 2436 a
2567 2376 2769 2437 daem-

1848 2464 1990 2525 onio
2018 2466 2277 2528 liberauit
2297 2480 2355 2529 et
2390 2472 2770 2550 paralyticum

1848 2558 2065 2618 lectum
2093 2578 2263 2621 suum
2290 2575 2528 2641 portare
2561 2565 2717 2626 facit.

1766 2732 1934 2792 XVI.
1972 2733 2090 2794 Ubi
2114 2733 2482 2796 Matthaeum
2503 2751 2678 2799 uocat
2699 2741 2772 2800 de

1849 2827 2129 2888 theloneo
2171 2840 2231 2889 et
2262 2832 2429 2891 multi
2473 2834 2774 2910 publicani

1851 2924 2198 2983 recumbunt
2245 2943 2382 2984 cum
2425 2945 2499 2987 eo
2536 2937 2594 2988 et
2636 2928 2776 2988 dicit

1852 3016 1995 3076 Non
2022 3017 2158 3077 ueni
2188 3018 2371 3078 iustos
2398 3038 2631 3081 uocare.

1773 3297 1970 3359 XVII.
2012 3299 2133 3359 Ubi
2177 3301 2448 3379 discipuli
2496 3302 2778 3364 Iohannis

1856 3395 2221 3472 interrogant
2250 3397 2323 3457 de
2363 3398 2583 3458 ieiunio
2613 3409 2672 3459 et
2705 3400 2778 3459 de

1854 3506 2058 3564 panno
2135 3501 2194 3549 et
2264 3493 2490 3551 utribus
2559 3502 2618 3552 et
2677 3494 2779 3552 ubi

1855 3581 2037 3641 filiam
2086 3582 2372 3662 Principis
2430 3586 2779 3665 Synagogae

1855 3677 2152 3736 suscitauit
2221 3686 2280 3737 et
2361 3679 2666 3739 mulierem
2743 3700 2780 3740 a

1852 3771 2154 3847 sanguinis
2179 3771 2343 3832 fluxu
2371 3775 2618 3834 sanauit.

1774 3956 2008 4018 XVIII.
2049 3957 2146 4018 De
2186 3958 2416 4019 duobus
2455 3961 2646 4021 caecis
2688 3978 2780 4021 se-

1855 4050 2130 4112 dentibus
2173 4071 2344 4113 secus
2388 4054 2545 4114 uiam
2579 4065 2637 4115 et
2657 4074 2781 4116 uno

1854 4156 2021 4205 muto
2050 4146 2431 4207 daemonium
2458 4148 2726 4210 habente.

1772 4238 2037 4301 XVIIII.
2081 4240 2202 4300 Ubi
2220 4242 2390 4302 Iesus
2408 4244 2566 4304 dedit
2582 4256 2779 4322 potes-

1854 4343 2035 4392 tatem
2067 4335 2367 4413 discipulis
2396 4338 2514 4397 suis
2540 4347 2597 4397 et
2626 4340 2781 4399 misit

1851 4445 1956 4487 eos
1983 4429 2342 4506 praedicare.

3791 688 3874 756 25

3348 844 3416 896 K.

2960 938 3169 998 sequar
3188 932 3244 982 te
3264 932 3323 982 et
3342 925 3455 984 alio
3474 924 3616 985 dixit
3637 943 3877 1002 sequere

2956 1034 3053 1075 me
3094 1025 3154 1076 et
3185 1018 3247 1076 in
3288 1020 3556 1080 nauicula
3584 1022 3880 1082 dormiens

2959 1112 3242 1171 excitatur
3269 1130 3305 1171 a
3330 1114 3643 1193 discipulis.

2878 2270 3043 2331 XXI.
3085 2272 3159 2332 In
3243 2283 3393 2335 terra
3467 2296 3884 2355 gerasenorum

2943 2366 3257 2429 daemonia
3285 2371 3468 2431 eiecit.

2879 2546 3075 2606 XXII.
3118 2546 3239 2608 Ubi
3280 2550 3667 2628 paralyticum
3723 2553 3888 2614 iussit

2959 2641 3044 2700 ire
3070 2661 3206 2700 cum
3234 2643 3404 2706 lect0.

2881 2733 3110 2794 XXIII.
3155 2735 3272 2795 Ubi
3330 2739 3656 2799 mattheum
3712 2752 3888 2802 uocat

2962 2829 3036 2888 de
3055 2829 3327 2890 theloneo
3344 2843 3402 2892 et
3424 2834 3561 2894 dicit
3575 2855 3695 2894 non
3713 2846 3888 2914 egent

2963 2925 3092 2983 sani
3146 2927 3378 2986 medico
3436 2929 3539 2987 sed
3583 2931 3737 2989 male
3784 2931 3888 2990 ha-

2963 3018 3170 3078 bentes
3209 3029 3266 3078 et
3312 3039 3437 3080 non
3481 3022 3746 3082 ieiunant
3788 3025 3892 3083 filii

2966 3114 3170 3188 sponsi
3245 3116 3531 3191 quamdiu
3599 3135 3735 3176 cum
3805 3119 3889 3177 eis

2963 3216 3052 3266 est
3078 3226 3345 3285 sponsus

2889 3300 3149 3362 XXIIII.
3182 3300 3303 3361 Ubi
3320 3303 3526 3364 mulier
3544 3323 3580 3363 a
3601 3306 3890 3382 profluuio

2968 3397 3272 3473 sanguinis
3334 3398 3605 3458 liberatur
3659 3409 3717 3459 et
3772 3400 3889 3459 filia

2967 3491 3244 3568 principis
3286 3510 3324 3551 a
3354 3502 3544 3553 morte
3585 3496 3889 3556 resuscita-

2962 3595 3072 3644 tur.

2885 3961 3078 4021 XXV.
3123 3960 3242 4022 Ubi
3311 3982 3621 4024 caecorum
3685 3965 3889 4027 oculos

2965 4057 3151 4134 aperit
3186 4067 3246 4116 et
3280 4059 3521 4117 surdum
3558 4068 3615 4117 et
3661 4070 3890 4119 mutum

2966 4151 3309 4211 demonium
3337 4153 3482 4214 eicit.

2885 4244 3110 4305 XXVI.
3139 4246 3505 4306 Circumiens
3521 4246 3611 4306 ihs
3628 4248 3890 4308 ciuitates

2964 4339 3230 4401 infirmos
3278 4341 3508 4400 sanauit
3547 4348 3600 4399 et
3634 4350 3889 4419 potesta-

2964 4442 3084 4491 tem
3141 4435 3455 4495 curationis
3517 4445 3575 4493 et
3645 4437 3890 4495 nomina
