4717 6400
992 864 1205 928 DEPGQ
1225 878 1340 913 aar.

665 1425 916 1486 LXXII.
946 1428 1068 1502 Qui
1097 1429 1219 1487 uult
1248 1428 1320 1488 In
1347 1430 1517 1489 uobis
1537 1447 1663 1489 esse

746 1523 932 1582 maior
958 1523 1064 1581 erit
1092 1523 1362 1582 omnium
1390 1541 1608 1583 seruuS.

664 1706 945 1769 LXXIII.
990 1710 1110 1783 Qui
1150 1710 1327 1770 habet
1364 1712 1661 1771 sacculum

745 1802 911 1863 tollat
951 1814 1010 1864 et
1050 1823 1248 1882 peram
1291 1816 1350 1865 et
1391 1806 1494 1884 qui
1541 1824 1662 1865 non

743 1895 920 1958 habet
947 1910 1106 1958 emat
1137 1899 1417 1976 gladium.

663 2082 978 2145 LXXIIII.
1066 2086 1141 2145 In
1224 2098 1455 2159 monte¹
1502 2087 1662 2147 solus

744 2197 919 2239 orans
960 2180 1103 2239 dixit
1144 2180 1443 2259 discipulis
1477 2181 1659 2241 Orate

745 2291 821 2333 ne
891 2274 1125 2334 Intretis
1194 2277 1253 2333 in
1325 2277 1658 2354 temptatio·

742 2385 896 2427 nem.

660 3269 907 3331 LXXV.
954 3271 1030 3332 Et
1053 3271 1217 3332 Dixit
1238 3274 1328 3334 ihs
1351 3272 1521 3333 iudae
1545 3274 1659 3334 Os-

739 3366 874 3426 culo
905 3366 1087 3425 filium
1117 3368 1372 3429 hominis
1400 3368 1595 3429 tradis.

659 3553 939 3614 LXXVI.
999 3553 1167 3614 Dixit
1212 3556 1288 3616 ad
1335 3558 1455 3616 ihm
1497 3557 1655 3636 prin-

738 3649 899 3726 cipes
941 3650 1186 3709 sacerdo
1229 3650 1290 3710 Si
1331 3660 1395 3709 tu
1436 3669 1500 3710 es
1540 3656 1657 3728 xpc

737 3742 828 3801 dic
861 3742 1033 3802 nobis
1062 3754 1119 3802 et
1146 3745 1483 3804 obtulerunt
1519 3763 1656 3804 eum

737 3836 941 3914 pontio
968 3837 1166 3915 pylato
1194 3848 1253 3897 et
1282 3839 1463 3898 erodi.

717 4155 916 4205 LXXII
940 4157 1000 4205 in
1021 4172 1187 4205 unum
1207 4165 1310 4222 cap.
1334 4157 1424 4206 sub
1444 4173 1654 4208 numero

654 4219 853 4270 LXXII
889 4237 1002 4270 cum
1036 4222 1353 4285 praecedente
1389 4224 1653 4287 coniungit

655 4286 715 4349 Q.
786 4286 1000 4337 uoluerit
1021 4302 1134 4336 aur.
1202 4290 1344 4337 orit:
1379 4288 1445 4337 sit
1468 4289 1514 4337 G
1530 4305 1647 4338 aur.

653 4354 907 4401 omnium
948 4365 1178 4402 seruus:
1235 4353 1459 4404 minister
1511 4354 1649 4417 EPQg

653 4416 883 4467 minimus
910 4424 959 4467 et
989 4417 1214 4467 minister
1233 4434 1382 4479 aur.;
1417 4420 1648 4469 omnibus

654 4481 813 4530 minor
832 4490 882 4532 et
903 4482 1123 4531 minister
1147 4484 1209 4532 G.

719 4546 962 4597 LXXIII.
996 4552 1170 4597 habet·
1198 4562 1234 4598 4·
1261 4555 1311 4598 et
1347 4565 1461 4599 aur.
1530 4565 1647 4601 non

653 4614 823 4661 habet·
839 4628 870 4664 4
887 4613 1069 4664 uendat
1076 4613 1293 4663 tunicam
1308 4623 1355 4664 et
1371 4615 1645 4678 ZPGQaur.

716 4676 986 4727 LXXIIII.
1036 4693 1071 4728 4-
1089 4686 1140 4728 et
1169 4680 1241 4728 ad
1262 4681 1377 4729 init.
1404 4681 1525 4746 ΞΩ.
1596 4682 1645 4729 in

651 4758 718 4791 m.
737 4758 848 4792 cum
866 4744 1002 4793 solus
1019 4752 1205 4794 orasset
1228 4746 1276 4794 G
1290 4761 1434 4804 aur.;
1468 4762 1580 4796 cum
1595 4747 1646 4796 in

652 4823 718 4856 m.
742 4810 877 4858 solus
898 4818 1084 4860 orasset
1108 4812 1170 4874 Q.

717 4874 924 4924 LXXV.
958 4891 1050 4925 om.
1078 4881 1136 4924 et
1156 4891 1272 4924 aur.

715 4939 953 4991 LXXVI.
988 4948 1037 4991 et
1059 4940 1284 4992 dixerunt
1305 4941 1370 4991 ad
1391 4940 1494 4991 inm
1508 4943 1644 5007 SPQ

651 5004 713 5054 ad
733 5004 834 5055 Ihm
852 5006 1079 5056 dixerunt
1097 5007 1146 5057 G
1159 5024 1277 5058 aur.
1334 5024 1427 5057 om.
1444 5013 1645 5066 pontio

652 5071 829 5135 Qaur.

1814 690 2338 754 SECUNDUM
2370 690 2713 753 LUCAM.

2094 862 2133 912 J
2159 860 2442 926 (capitula).

1766 1438 2016 1498 LXXII.
2063 1437 2182 1499 Ubi
2230 1439 2405 1500 docet
2446 1438 2767 1515 discipulos

1847 1534 1920 1594 de
1941 1533 2256 1593 humilitate
2275 1545 2331 1592 et
2343 1533 2766 1593 ministratione

1846 1640 1905 1689 et
1933 1629 2007 1688 de
2036 1629 2272 1688 sacculo
2301 1638 2361 1687 et
2388 1646 2548 1705 pera.

1764 2083 2049 2142 LXXIII.
2091 2081 2214 2143 Ubi
2255 2093 2385 2142 orat
2424 2092 2484 2143 et
2519 2084 2765 2162 angelus

1844 2177 2126 2237 confortat
2161 2195 2299 2237 eum
2337 2186 2398 2236 et
2437 2177 2606 2238 iudas
2648 2185 2763 2236 tra-

1842 2270 1986 2330 didit
2014 2289 2171 2331 eum.

1765 2769 2081 2829 LXXIIII.
2126 2768 2245 2828 Ubi
2283 2780 2482 2847 petrus
2519 2769 2763 2830 interro-

1844 2874 2014 2941 gatur
2057 2865 2133 2924 ab
2188 2863 2405 2923 ancilla
2452 2873 2512 2923 et
2565 2864 2762 2941 passio

1846 2977 1986 3018 iesu.

1762 3554 2007 3614 LXXV.
2051 3552 2170 3613 Ubi
2203 3553 2510 3613 resurrexit
2544 3570 2581 3612 a
2607 3569 2760 3613 mor-

1762 3661 2040 3803 Ιᾶἑὲῗζη.
2081 3740 2201 3801 Ubi
2233 3742 2503 3819 apparuit
2529 3741 2760 3801 duobus

1843 3837 2141 3916 discipulis
2169 3837 2230 3895 in
2257 3837 2371 3895 uia.

1761 3932 2071 3993 LXXVII.
2141 3930 2260 3990 Ubi
2321 3931 2587 4009 apparuit
2642 3930 2758 3990 dis·

1841 4026 2047 4104 cipulis
2076 4027 2369 4086 omnibus.

1822 4158 2018 4209 Subscr.
2042 4157 2183 4207 deest.

3742 704 3870 777 305

2996 859 3048 908 K
3066 860 3222 911 Harl.
3249 871 3376 926 2790
3392 860 3558 911 Nanc.
3574 861 3752 912 Bamb.

2869 2084 3087 2145 LXXI.
3131 2085 3224 2146 De
3252 2088 3512 2148 oratione
3542 2088 3642 2149 dni
3669 2098 3726 2150 et
3752 2099 3865 2150 tra·

2950 2182 3187 2242 ditione.

2870 2273 3120 2336 LXXII.
3165 2276 3259 2336 De
3287 2277 3387 2338 dni
3413 2279 3702 2357 passione.

2867 3530 3152 3594 LXXIII.
3196 3532 3289 3594 De
3311 3535 3734 3595 resurrectione
3764 3540 3865 3595 sca

2946 3636 3005 3686 et
3058 3627 3131 3687 de
3187 3627 3415 3689 duobus
3463 3629 3758 3707 discipulis
3806 3639 3864 3689 et

2946 3721 3045 3779 ubi
3102 3723 3296 3782 subito
3351 3723 3551 3783 medio
3606 3723 3861 3802 discipu·

2945 3815 3135 3875 lorum
3163 3817 3275 3877 diis
3302 3816 3583 3896 apparuit.

2928 4133 3171 4187 LXXIII.
3221 4143 3451 4188 sanotae
3531 4151 3631 4187 non
3695 4152 3859 4187 escam

2862 4201 3026 4251 Nunc.
3113 4209 3168 4257 >
3185 4201 3443 4266 discipulis
3479 4209 3530 4254 et
3567 4202 3630 4253 de
3667 4203 3861 4253 dnobus

2864 4264 2958 4316 K*.
2983 4282 3076 4315 om.
3100 4270 3203 4316 ubi
3225 4269 3402 4317 Bamb.

2927 4332 3122 4382 Subscr.
3189 4333 3461 4398 expliciunt
3526 4333 3745 4397 capitula
3807 4333 3858 4382 in

2860 4397 3121 4461 euangelio
3160 4398 3301 4449 lucae
3340 4400 3423 4461 K;
3467 4399 3738 4464 expliciunt
3778 4415 3857 4449 ca·

2859 4463 3021 4528 pitula
3053 4462 3209 4513 Harl.
3234 4464 3438 4526 Bamee.;
3474 4465 3743 4531 expliciunt
3776 4480 3857 4514 ca·

2857 4529 2965 4593 pita
2985 4530 3151 4580 Nunc.
