<?xml version="1.0" encoding="UTF-8"?>
<!DOCTYPE html PUBLIC "-//W3C//DTD XHTML 1.0 Transitional//EN"
    "http://www.w3.org/TR/xhtml1/DTD/xhtml1-transitional.dtd">
<html xmlns="http://www.w3.org/1999/xhtml" xml:lang="en" lang="en">
 <head>
  <title>
</title>
<meta http-equiv="Content-Type" content="text/html;charset=utf-8" />
  <meta name='ocr-system' content='tesseract 3.04.00' />
  <meta name='ocr-capabilities' content='ocr_page ocr_carea ocr_par ocr_line ocrx_word'/>
</head>
<body>
  <div class='ocr_page' id='page_1' title='image "./nouumtestamentu00whitgoog_0093.png"; bbox 0 0 4717 6400; ppageno 0'>
   <div class='ocr_carea' id='block_1_1' title="bbox 727 670 1033 739">
    <p class='ocr_par' dir='ltr' id='par_1_1' title="bbox 727 670 1033 739">
     <span class='ocr_line' id='line_1_1' title="bbox 727 670 1033 739; baseline 0.007 -17"><span class='ocrx_word' id='word_1_1' title='bbox 727 676 793 725; x_wconf 85' lang='lat'><strong>11.</strong></span> <span class='ocrx_word' id='word_1_2' title='bbox 818 670 1033 739; x_wconf 77' lang='lat' dir='ltr'><strong>13—2o.]</strong></span> 
     </span>
    </p>
   </div>
   <div class='ocr_carea' id='block_1_2' title="bbox 647 851 2136 2609">
    <p class='ocr_par' dir='ltr' id='par_1_2' title="bbox 647 851 2136 2609">
     <span class='ocr_line' id='line_1_2' title="bbox 647 851 2133 934; baseline 0 -19"><span class='ocrx_word' id='word_1_3' title='bbox 647 854 709 894; x_wconf 79' lang='lat'>¹⁸</span> <span class='ocrx_word' id='word_1_4' title='bbox 728 852 843 934; x_wconf 91' lang='lat' dir='ltr'>qui</span> <span class='ocrx_word' id='word_1_5' title='bbox 911 872 1065 916; x_wconf 89' lang='lat' dir='ltr'>cum</span> <span class='ocrx_word' id='word_1_6' title='bbox 1143 851 1564 915; x_wconf 83' lang='lat' dir='ltr'>recessissent</span> <span class='ocrx_word' id='word_1_7' title='bbox 1626 873 1785 917; x_wconf 91' lang='lat' dir='ltr'>ecce</span> <span class='ocrx_word' id='word_1_8' title='bbox 1853 851 2133 934; x_wconf 86' lang='lat' dir='ltr'>angelus</span> 
     </span>
     <span class='ocr_line' id='line_1_3' title="bbox 812 955 2133 1041; baseline 0 -21"><span class='ocrx_word' id='word_1_9' title='bbox 812 955 1069 1020; x_wconf 91' lang='lat' dir='ltr'>domini</span> <span class='ocrx_word' id='word_1_10' title='bbox 1113 957 1425 1040; x_wconf 87' lang='lat' dir='ltr'>apparuit</span> <span class='ocrx_word' id='word_1_11' title='bbox 1478 956 1543 1019; x_wconf 91' lang='lat' dir='ltr'>in</span> <span class='ocrx_word' id='word_1_12' title='bbox 1588 957 1840 1021; x_wconf 91' lang='lat' dir='ltr'>somnis</span> <span class='ocrx_word' id='word_1_13' title='bbox 1900 956 2133 1041; x_wconf 90' lang='lat' dir='ltr'>ioseph</span> 
     </span>
     <span class='ocr_line' id='line_1_4' title="bbox 812 1059 1042 1123; baseline -0.009 0"><span class='ocrx_word' id='word_1_14' title='bbox 812 1059 1042 1123; x_wconf 88' lang='lat' dir='ltr'>dicens</span> 
     </span>
     <span class='ocr_line' id='line_1_5' title="bbox 722 1164 2132 1246; baseline 0.001 -21"><span class='ocrx_word' id='word_1_15' title='bbox 722 1183 922 1245; x_wconf 89' lang='lat' dir='ltr'>surge</span> <span class='ocrx_word' id='word_1_16' title='bbox 982 1172 1051 1227; x_wconf 92' lang='lat' dir='ltr'>et</span> <span class='ocrx_word' id='word_1_17' title='bbox 1109 1164 1336 1246; x_wconf 82' lang='lat' dir='ltr'>accipe</span> <span class='ocrx_word' id='word_1_18' title='bbox 1385 1183 1669 1246; x_wconf 89' lang='lat' dir='ltr'>puerum</span> <span class='ocrx_word' id='word_1_19' title='bbox 1720 1174 1792 1228; x_wconf 92' lang='lat' dir='ltr'>et</span> <span class='ocrx_word' id='word_1_20' title='bbox 1844 1174 2132 1229; x_wconf 87' lang='lat' dir='ltr'>matrem</span> 
     </span>
     <span class='ocr_line' id='line_1_6' title="bbox 812 1267 953 1330; baseline -0.007 0"><span class='ocrx_word' id='word_1_21' title='bbox 812 1267 953 1330; x_wconf 91' lang='lat' dir='ltr'>eius</span> 
     </span>
     <span class='ocr_line' id='line_1_7' title="bbox 714 1369 1476 1455; baseline -0.004 -20"><span class='ocrx_word' id='word_1_22' title='bbox 714 1381 795 1435; x_wconf 77' lang='lat' dir='ltr'>et</span> <span class='ocrx_word' id='word_1_23' title='bbox 823 1369 979 1452; x_wconf 86' lang='lat' dir='ltr'>suge</span> <span class='ocrx_word' id='word_1_24' title='bbox 1011 1370 1080 1433; x_wconf 89' lang='lat' dir='ltr'>in</span> <span class='ocrx_word' id='word_1_25' title='bbox 1108 1379 1476 1455; x_wconf 81' lang='lat' dir='ltr'>aegyptum</span> 
     </span>
     <span class='ocr_line' id='line_1_8' title="bbox 725 1473 1922 1557; baseline 0.001 -20"><span class='ocrx_word' id='word_1_26' title='bbox 725 1484 795 1537; x_wconf 92' lang='lat' dir='ltr'>et</span> <span class='ocrx_word' id='word_1_27' title='bbox 823 1483 967 1538; x_wconf 91' lang='lat' dir='ltr'>esto</span> <span class='ocrx_word' id='word_1_28' title='bbox 997 1473 1090 1537; x_wconf 90' lang='lat' dir='ltr'>ibi</span> <span class='ocrx_word' id='word_1_29' title='bbox 1123 1478 1329 1557; x_wconf 84' lang='lat' dir='ltr'>usque</span> <span class='ocrx_word' id='word_1_30' title='bbox 1359 1475 1520 1538; x_wconf 93' lang='lat' dir='ltr'>dum</span> <span class='ocrx_word' id='word_1_31' title='bbox 1551 1474 1770 1538; x_wconf 92' lang='lat' dir='ltr'>dicam</span> <span class='ocrx_word' id='word_1_32' title='bbox 1802 1475 1922 1538; x_wconf 91' lang='lat' dir='ltr'>tibi</span> 
     </span>
     <span class='ocr_line' id='line_1_9' title="bbox 724 1577 2134 1660; baseline 0.002 -20"><span class='ocrx_word' id='word_1_33' title='bbox 724 1578 1017 1641; x_wconf 85' lang='lat' dir='ltr'>futurum</span> <span class='ocrx_word' id='word_1_34' title='bbox 1060 1587 1163 1642; x_wconf 88' lang='lat' dir='ltr'>est</span> <span class='ocrx_word' id='word_1_35' title='bbox 1206 1578 1381 1641; x_wconf 90' lang='lat' dir='ltr'>enim</span> <span class='ocrx_word' id='word_1_36' title='bbox 1423 1588 1498 1642; x_wconf 91' lang='lat' dir='ltr'>ut</span> <span class='ocrx_word' id='word_1_37' title='bbox 1532 1577 1816 1643; x_wconf 91' lang='lat' dir='ltr'>herodes</span> <span class='ocrx_word' id='word_1_38' title='bbox 1857 1589 2134 1660; x_wconf 89' lang='lat' dir='ltr'>quaerat</span> 
     </span>
     <span class='ocr_line' id='line_1_10' title="bbox 814 1681 1849 1765; baseline 0.003 -22"><span class='ocrx_word' id='word_1_39' title='bbox 814 1701 1092 1765; x_wconf 90' lang='lat' dir='ltr'>puerum</span> <span class='ocrx_word' id='word_1_40' title='bbox 1122 1681 1209 1744; x_wconf 93' lang='lat' dir='ltr'>ad</span> <span class='ocrx_word' id='word_1_41' title='bbox 1241 1682 1657 1764; x_wconf 90' lang='lat' dir='ltr'>perdendum</span> <span class='ocrx_word' id='word_1_42' title='bbox 1697 1702 1849 1747; x_wconf 88' lang='lat' dir='ltr'>eum</span> 
     </span>
     <span class='ocr_line' id='line_1_11' title="bbox 648 1787 2136 1870; baseline 0.001 -20"><span class='ocrx_word' id='word_1_43' title='bbox 648 1790 706 1830; x_wconf 78' lang='lat'>¹4</span> <span class='ocrx_word' id='word_1_44' title='bbox 725 1788 839 1868; x_wconf 89' lang='lat' dir='ltr'>qui</span> <span class='ocrx_word' id='word_1_45' title='bbox 906 1806 1308 1869; x_wconf 85' lang='lat' dir='ltr'>consurgens</span> <span class='ocrx_word' id='word_1_46' title='bbox 1382 1787 1641 1869; x_wconf 90' lang='lat' dir='ltr'>accepit</span> <span class='ocrx_word' id='word_1_47' title='bbox 1713 1807 1993 1870; x_wconf 89' lang='lat' dir='ltr'>puerum</span> <span class='ocrx_word' id='word_1_48' title='bbox 2065 1798 2136 1851; x_wconf 92' lang='lat' dir='ltr'>et</span> 
     </span>
     <span class='ocr_line' id='line_1_12' title="bbox 810 1890 2134 1955; baseline -0.001 -2"><span class='ocrx_word' id='word_1_49' title='bbox 810 1898 1097 1954; x_wconf 87' lang='lat' dir='ltr'>matrem</span> <span class='ocrx_word' id='word_1_50' title='bbox 1144 1890 1290 1954; x_wconf 90' lang='lat' dir='ltr'>eius</span> <span class='ocrx_word' id='word_1_51' title='bbox 1340 1900 1546 1955; x_wconf 84' lang='lat' dir='ltr'>nocte</span> <span class='ocrx_word' id='word_1_52' title='bbox 1608 1900 1680 1954; x_wconf 90' lang='lat' dir='ltr'>et</span> <span class='ocrx_word' id='word_1_53' title='bbox 1739 1891 2006 1954; x_wconf 86' lang='lat' dir='ltr'>recessit</span> <span class='ocrx_word' id='word_1_54' title='bbox 2067 1890 2134 1952; x_wconf 89' lang='lat' dir='ltr'>in</span> 
     </span>
     <span class='ocr_line' id='line_1_13' title="bbox 810 2003 1185 2077; baseline -0.005 -20"><span class='ocrx_word' id='word_1_55' title='bbox 810 2003 1185 2077; x_wconf 81' lang='lat' dir='ltr'>aegyptum</span> 
     </span>
     <span class='ocr_line' id='line_1_14' title="bbox 654 2091 2039 2179; baseline -0.001 -17"><span class='ocrx_word' id='word_1_56' title='bbox 654 2091 708 2132; x_wconf 75' lang='lat'>¹¹⁵</span> <span class='ocrx_word' id='word_1_57' title='bbox 725 2107 795 2162; x_wconf 91' lang='lat' dir='ltr'>et</span> <span class='ocrx_word' id='word_1_58' title='bbox 824 2108 968 2162; x_wconf 88' lang='lat' dir='ltr'>erat</span> <span class='ocrx_word' id='word_1_59' title='bbox 998 2097 1090 2161; x_wconf 91' lang='lat' dir='ltr'>ibi</span> <span class='ocrx_word' id='word_1_60' title='bbox 1124 2117 1334 2179; x_wconf 91' lang='lat' dir='ltr'>usque</span> <span class='ocrx_word' id='word_1_61' title='bbox 1364 2098 1451 2162; x_wconf 92' lang='lat' dir='ltr'>ad</span> <span class='ocrx_word' id='word_1_62' title='bbox 1483 2097 1743 2162; x_wconf 90' lang='lat' dir='ltr'>obitum</span> <span class='ocrx_word' id='word_1_63' title='bbox 1772 2096 2039 2162; x_wconf 88' lang='lat' dir='ltr'>herodis</span> 
     </span>
     <span class='ocr_line' id='line_1_15' title="bbox 728 2201 2134 2284; baseline 0.001 -19"><span class='ocrx_word' id='word_1_64' title='bbox 728 2210 804 2265; x_wconf 91' lang='lat' dir='ltr'>ut</span> <span class='ocrx_word' id='word_1_65' title='bbox 851 2201 1330 2283; x_wconf 86' lang='lat' dir='ltr'>adimpleretur</span> <span class='ocrx_word' id='word_1_66' title='bbox 1387 2203 1571 2284; x_wconf 89' lang='lat' dir='ltr'>quod</span> <span class='ocrx_word' id='word_1_67' title='bbox 1621 2202 1873 2265; x_wconf 91' lang='lat' dir='ltr'>dictum</span> <span class='ocrx_word' id='word_1_68' title='bbox 1926 2213 2030 2267; x_wconf 90' lang='lat' dir='ltr'>est</span> <span class='ocrx_word' id='word_1_69' title='bbox 2093 2225 2134 2266; x_wconf 98' lang='lat' dir='ltr'>a</span> 
     </span>
     <span class='ocr_line' id='line_1_16' title="bbox 814 2305 2134 2390; baseline -0.001 -21"><span class='ocrx_word' id='word_1_70' title='bbox 814 2305 1089 2369; x_wconf 91' lang='lat' dir='ltr'>domino</span> <span class='ocrx_word' id='word_1_71' title='bbox 1154 2326 1274 2388; x_wconf 91' lang='lat' dir='ltr'>per</span> <span class='ocrx_word' id='word_1_72' title='bbox 1338 2305 1740 2390; x_wconf 88' lang='lat' dir='ltr'>prophetam</span> <span class='ocrx_word' id='word_1_73' title='bbox 1804 2306 2134 2369; x_wconf 88' lang='lat' dir='ltr'>dicentem</span> 
     </span>
     <span class='ocr_line' id='line_1_17' title="bbox 727 2408 1924 2491; baseline -0.001 -20"><span class='ocrx_word' id='word_1_74' title='bbox 727 2428 818 2471; x_wconf 86' lang='lat' dir='ltr'>ex</span> <span class='ocrx_word' id='word_1_75' title='bbox 846 2417 1139 2491; x_wconf 84' lang='lat' dir='ltr'>aegypto</span> <span class='ocrx_word' id='word_1_76' title='bbox 1172 2411 1405 2475; x_wconf 89' lang='lat' dir='ltr'>uocaui</span> <span class='ocrx_word' id='word_1_77' title='bbox 1438 2408 1647 2473; x_wconf 89' lang='lat' dir='ltr'>filium</span> <span class='ocrx_word' id='word_1_78' title='bbox 1679 2429 1924 2473; x_wconf 91' lang='lat' dir='ltr'>meum.</span> 
     </span>
     <span class='ocr_line' id='line_1_18' title="bbox 654 2505 2135 2609; baseline 0 -33"><span class='ocrx_word' id='word_1_79' title='bbox 654 2505 710 2544; x_wconf 78' lang='lat'>¹⁶</span> <span class='ocrx_word' id='word_1_80' title='bbox 730 2512 920 2609; x_wconf 45' lang='lat' dir='ltr'>&#39;Ifunc</span> <span class='ocrx_word' id='word_1_81' title='bbox 960 2511 1242 2577; x_wconf 88' lang='lat' dir='ltr'>herodes</span> <span class='ocrx_word' id='word_1_82' title='bbox 1274 2514 1509 2578; x_wconf 88' lang='lat' dir='ltr'>uidens</span> <span class='ocrx_word' id='word_1_83' title='bbox 1540 2513 1854 2596; x_wconf 89' lang='lat' dir='ltr'>quoniam</span> <span class='ocrx_word' id='word_1_84' title='bbox 1887 2513 2135 2576; x_wconf 87' lang='lat' dir='ltr'>inlusus</span> 
     </span>
    </p>
   </div>
   <div class='ocr_carea' id='block_1_3' title="bbox 1306 662 3732 744">
    <p class='ocr_par' dir='ltr' id='par_1_3' title="bbox 1306 662 3732 744">
     <span class='ocr_line' id='line_1_19' title="bbox 1306 662 3732 744; baseline 0 -21"><span class='ocrx_word' id='word_1_85' title='bbox 1306 663 1488 725; x_wconf 75' lang='lat' dir='ltr'>EUA</span> <span class='ocrx_word' id='word_1_86' title='bbox 1498 663 1574 726; x_wconf 89' lang='lat' dir='ltr'><em>N</em></span> <span class='ocrx_word' id='word_1_87' title='bbox 1572 664 1805 726; x_wconf 86' lang='lat' dir='ltr'>GELI</span> <span class='ocrx_word' id='word_1_88' title='bbox 1809 663 1957 723; x_wconf 76' lang='grc' dir='ltr'>ΠΜ</span> <span class='ocrx_word' id='word_1_89' title='bbox 2004 662 2536 726; x_wconf 78' lang='lat' dir='ltr'><em>SECUNDUM</em></span> <span class='ocrx_word' id='word_1_90' title='bbox 2583 664 2719 724; x_wconf 81' lang='lat' dir='ltr'>MA</span> <span class='ocrx_word' id='word_1_91' title='bbox 2739 664 3146 726; x_wconf 80' lang='lat' dir='ltr'><strong>TTHEUM.</strong></span> <span class='ocrx_word' id='word_1_92' title='bbox 3649 680 3732 744; x_wconf 84' lang='lat'>47</span> 
     </span>
    </p>
   </div>
   <div class='ocr_carea' id='block_1_4' title="bbox 2256 854 3739 2596">
    <p class='ocr_par' dir='ltr' id='par_1_4' title="bbox 2256 854 3739 2596">
     <span class='ocr_line' id='line_1_20' title="bbox 2417 854 2904 935; baseline 0.002 -19"><span class='ocrx_word' id='word_1_93' title='bbox 2417 863 2590 916; x_wconf 89' lang='lat' dir='ltr'>esset</span> <span class='ocrx_word' id='word_1_94' title='bbox 2619 873 2660 916; x_wconf 92' lang='lat' dir='ltr'>a</span> <span class='ocrx_word' id='word_1_95' title='bbox 2687 854 2904 935; x_wconf 89' lang='lat' dir='ltr'>magis</span> 
     </span>
     <span class='ocr_line' id='line_1_21' title="bbox 2333 957 2901 1021; baseline 0.004 -2"><span class='ocrx_word' id='word_1_96' title='bbox 2333 957 2539 1020; x_wconf 89' lang='lat' dir='ltr'>iratus</span> <span class='ocrx_word' id='word_1_97' title='bbox 2572 967 2673 1021; x_wconf 90' lang='lat' dir='ltr'>est</span> <span class='ocrx_word' id='word_1_98' title='bbox 2702 958 2901 1021; x_wconf 88' lang='lat' dir='ltr'>ualde</span> 
     </span>
     <span class='ocr_line' id='line_1_22' title="bbox 2332 1060 3735 1144; baseline -0.001 -20"><span class='ocrx_word' id='word_1_99' title='bbox 2332 1072 2400 1124; x_wconf 88' lang='lat' dir='ltr'>et</span> <span class='ocrx_word' id='word_1_100' title='bbox 2454 1060 2725 1125; x_wconf 88' lang='lat' dir='ltr'>mittens</span> <span class='ocrx_word' id='word_1_101' title='bbox 2774 1060 3014 1125; x_wconf 87' lang='lat' dir='ltr'>occidit</span> <span class='ocrx_word' id='word_1_102' title='bbox 3066 1081 3298 1125; x_wconf 91' lang='lat' dir='ltr'>omnes</span> <span class='ocrx_word' id='word_1_103' title='bbox 3343 1080 3579 1144; x_wconf 89' lang='lat' dir='ltr'>pueros</span> <span class='ocrx_word' id='word_1_104' title='bbox 3622 1060 3735 1142; x_wconf 90' lang='lat' dir='ltr'>qui</span> 
     </span>
     <span class='ocr_line' id='line_1_23' title="bbox 2415 1164 3074 1228; baseline 0 0"><span class='ocrx_word' id='word_1_105' title='bbox 2415 1175 2609 1228; x_wconf 89' lang='lat' dir='ltr'>erant</span> <span class='ocrx_word' id='word_1_106' title='bbox 2637 1166 2703 1227; x_wconf 92' lang='lat' dir='ltr'>in</span> <span class='ocrx_word' id='word_1_107' title='bbox 2733 1164 3074 1228; x_wconf 89' lang='lat' dir='ltr'>bethleem</span> 
     </span>
     <span class='ocr_line' id='line_1_24' title="bbox 2330 1266 3291 1331; baseline 0 0"><span class='ocrx_word' id='word_1_108' title='bbox 2330 1278 2401 1331; x_wconf 90' lang='lat' dir='ltr'>et</span> <span class='ocrx_word' id='word_1_109' title='bbox 2435 1269 2502 1330; x_wconf 90' lang='lat' dir='ltr'>in</span> <span class='ocrx_word' id='word_1_110' title='bbox 2535 1268 2849 1331; x_wconf 91' lang='lat' dir='ltr'>omnibus</span> <span class='ocrx_word' id='word_1_111' title='bbox 2882 1266 3120 1331; x_wconf 90' lang='lat' dir='ltr'>finibus</span> <span class='ocrx_word' id='word_1_112' title='bbox 3150 1268 3291 1331; x_wconf 89' lang='lat' dir='ltr'>eius</span> 
     </span>
     <span class='ocr_line' id='line_1_25' title="bbox 2328 1372 3699 1456; baseline 0 -20"><span class='ocrx_word' id='word_1_113' title='bbox 2328 1394 2372 1437; x_wconf 88' lang='lat' dir='ltr'>a</span> <span class='ocrx_word' id='word_1_114' title='bbox 2415 1373 2670 1436; x_wconf 87' lang='lat' dir='ltr'>bimatu</span> <span class='ocrx_word' id='word_1_115' title='bbox 2716 1380 2783 1435; x_wconf 92' lang='lat' dir='ltr'>et</span> <span class='ocrx_word' id='word_1_116' title='bbox 2828 1372 2992 1435; x_wconf 85' lang='lat' dir='ltr'>infra</span> <span class='ocrx_word' id='word_1_117' title='bbox 3016 1374 3382 1436; x_wconf 91' lang='lat' dir='ltr'>secundum</span> <span class='ocrx_word' id='word_1_118' title='bbox 3427 1382 3699 1456; x_wconf 88' lang='lat' dir='ltr'>tempus</span> 
     </span>
     <span class='ocr_line' id='line_1_26' title="bbox 2418 1476 3355 1558; baseline -0.001 -20"><span class='ocrx_word' id='word_1_119' title='bbox 2418 1478 2598 1558; x_wconf 93' lang='lat' dir='ltr'>quod</span> <span class='ocrx_word' id='word_1_120' title='bbox 2636 1476 3040 1557; x_wconf 85' lang='lat' dir='ltr'>exquisierat</span> <span class='ocrx_word' id='word_1_121' title='bbox 3069 1498 3110 1540; x_wconf 92' lang='lat' dir='ltr'>a</span> <span class='ocrx_word' id='word_1_122' title='bbox 3141 1476 3355 1558; x_wconf 91' lang='lat' dir='ltr'>magis</span> 
     </span>
     <span class='ocr_line' id='line_1_27' title="bbox 2256 1573 3733 1662; baseline -0.001 -18"><span class='ocrx_word' id='word_1_123' title='bbox 2256 1573 2308 1613; x_wconf 80' lang='lat'>¹⁷</span> <span class='ocrx_word' id='word_1_124' title='bbox 2330 1590 2488 1644; x_wconf 92' lang='lat' dir='ltr'>tunc</span> <span class='ocrx_word' id='word_1_125' title='bbox 2561 1579 2998 1662; x_wconf 90' lang='lat' dir='ltr'>adimpletum</span> <span class='ocrx_word' id='word_1_126' title='bbox 3068 1591 3170 1644; x_wconf 87' lang='lat' dir='ltr'>est</span> <span class='ocrx_word' id='word_1_127' title='bbox 3241 1581 3424 1662; x_wconf 93' lang='lat' dir='ltr'>quod</span> <span class='ocrx_word' id='word_1_128' title='bbox 3482 1580 3733 1644; x_wconf 92' lang='lat' dir='ltr'>dictum</span> 
     </span>
     <span class='ocr_line' id='line_1_28' title="bbox 2413 1681 3737 1767; baseline 0 -21"><span class='ocrx_word' id='word_1_129' title='bbox 2413 1693 2520 1746; x_wconf 89' lang='lat' dir='ltr'>est</span> <span class='ocrx_word' id='word_1_130' title='bbox 2586 1703 2708 1767; x_wconf 90' lang='lat' dir='ltr'>per</span> <span class='ocrx_word' id='word_1_131' title='bbox 2759 1683 3151 1747; x_wconf 88' lang='lat' dir='ltr'>hieremiam</span> <span class='ocrx_word' id='word_1_132' title='bbox 3198 1681 3592 1765; x_wconf 90' lang='lat' dir='ltr'>prophetam</span> <span class='ocrx_word' id='word_1_133' title='bbox 3639 1684 3737 1748; x_wconf 89' lang='lat' dir='ltr'>di-</span> 
     </span>
     <span class='ocr_line' id='line_1_29' title="bbox 2417 1796 2697 1851; baseline -0.007 0"><span class='ocrx_word' id='word_1_134' title='bbox 2417 1796 2697 1851; x_wconf 89' lang='lat' dir='ltr'>centem.</span> 
     </span>
     <span class='ocr_line' id='line_1_30' title="bbox 2257 1877 3201 1956; baseline -0.003 0"><span class='ocrx_word' id='word_1_135' title='bbox 2257 1877 2311 1917; x_wconf 81' lang='lat'>¹⁸</span> <span class='ocrx_word' id='word_1_136' title='bbox 2333 1891 2498 1956; x_wconf 86' lang='lat' dir='ltr'><strong>on</strong></span> <span class='ocrx_word' id='word_1_137' title='bbox 2531 1890 2596 1953; x_wconf 89' lang='lat' dir='ltr'>in</span> <span class='ocrx_word' id='word_1_138' title='bbox 2629 1909 2812 1953; x_wconf 88' lang='lat' dir='ltr'>rama</span> <span class='ocrx_word' id='word_1_139' title='bbox 2842 1889 3069 1953; x_wconf 88' lang='lat' dir='ltr'>audita</span> <span class='ocrx_word' id='word_1_140' title='bbox 3100 1899 3201 1953; x_wconf 92' lang='lat' dir='ltr'>est</span> 
     </span>
     <span class='ocr_line' id='line_1_31' title="bbox 2330 1992 3329 2077; baseline -0.001 -19"><span class='ocrx_word' id='word_1_141' title='bbox 2330 1995 2628 2077; x_wconf 89' lang='lat' dir='ltr'>ploratus</span> <span class='ocrx_word' id='word_1_142' title='bbox 2661 2004 2727 2057; x_wconf 87' lang='lat' dir='ltr'>et</span> <span class='ocrx_word' id='word_1_143' title='bbox 2760 1993 3048 2057; x_wconf 88' lang='lat' dir='ltr'>ululatus</span> <span class='ocrx_word' id='word_1_144' title='bbox 3079 1992 3329 2058; x_wconf 90' lang='lat' dir='ltr'>multus</span> 
     </span>
     <span class='ocr_line' id='line_1_32' title="bbox 2329 2096 3241 2180; baseline 0 -19"><span class='ocrx_word' id='word_1_145' title='bbox 2329 2098 2551 2161; x_wconf 88' lang='lat' dir='ltr'>rachel</span> <span class='ocrx_word' id='word_1_146' title='bbox 2584 2098 2851 2180; x_wconf 90' lang='lat' dir='ltr'>plorans</span> <span class='ocrx_word' id='word_1_147' title='bbox 2884 2096 3051 2160; x_wconf 91' lang='lat' dir='ltr'>filios</span> <span class='ocrx_word' id='word_1_148' title='bbox 3081 2119 3241 2162; x_wconf 91' lang='lat' dir='ltr'>suos</span> 
     </span>
     <span class='ocr_line' id='line_1_33' title="bbox 2417 2201 3645 2284; baseline -0.001 -18"><span class='ocrx_word' id='word_1_149' title='bbox 2417 2211 2488 2266; x_wconf 91' lang='lat' dir='ltr'>et</span> <span class='ocrx_word' id='word_1_150' title='bbox 2518 2201 2730 2266; x_wconf 87' lang='lat' dir='ltr'>noluit</span> <span class='ocrx_word' id='word_1_151' title='bbox 2761 2201 3082 2266; x_wconf 87' lang='lat' dir='ltr'>consolari</span> <span class='ocrx_word' id='word_1_152' title='bbox 3116 2203 3274 2284; x_wconf 92' lang='lat' dir='ltr'>quia</span> <span class='ocrx_word' id='word_1_153' title='bbox 3306 2222 3439 2265; x_wconf 89' lang='lat' dir='ltr'>non</span> <span class='ocrx_word' id='word_1_154' title='bbox 3470 2214 3645 2267; x_wconf 88' lang='lat' dir='ltr'>sunt.</span> 
     </span>
     <span class='ocr_line' id='line_1_34' title="bbox 2259 2304 3200 2370; baseline 0.002 -2"><span class='ocrx_word' id='word_1_155' title='bbox 2259 2305 2309 2344; x_wconf 81' lang='lat'>¹⁹</span> <span class='ocrx_word' id='word_1_156' title='bbox 2333 2305 2665 2370; x_wconf 89' lang='lat' dir='ltr'>Defuncto</span> <span class='ocrx_word' id='word_1_157' title='bbox 2696 2316 2920 2369; x_wconf 87' lang='lat' dir='ltr'>autem</span> <span class='ocrx_word' id='word_1_158' title='bbox 2949 2304 3200 2370; x_wconf 90' lang='lat' dir='ltr'>herode</span> 
     </span>
     <span class='ocr_line' id='line_1_35' title="bbox 2320 2407 3739 2492; baseline 0.001 -20"><span class='ocrx_word' id='word_1_159' title='bbox 2320 2430 2482 2474; x_wconf 81' lang='lat' dir='ltr'>ecce</span> <span class='ocrx_word' id='word_1_160' title='bbox 2500 2409 2807 2492; x_wconf 90' lang='lat' dir='ltr'>apparuit</span> <span class='ocrx_word' id='word_1_161' title='bbox 2826 2407 3102 2492; x_wconf 86' lang='lat' dir='ltr'>angelus</span> <span class='ocrx_word' id='word_1_162' title='bbox 3125 2410 3374 2473; x_wconf 89' lang='lat' dir='ltr'>domini</span> <span class='ocrx_word' id='word_1_163' title='bbox 3399 2412 3465 2473; x_wconf 92' lang='lat' dir='ltr'>in</span> <span class='ocrx_word' id='word_1_164' title='bbox 3488 2411 3739 2475; x_wconf 89' lang='lat' dir='ltr'>somnis</span> 
     </span>
     <span class='ocr_line' id='line_1_36' title="bbox 2417 2509 3412 2596; baseline 0.003 -21"><span class='ocrx_word' id='word_1_165' title='bbox 2417 2514 2649 2595; x_wconf 91' lang='lat' dir='ltr'>ioseph</span> <span class='ocrx_word' id='word_1_166' title='bbox 2682 2513 2750 2575; x_wconf 93' lang='lat' dir='ltr'>in</span> <span class='ocrx_word' id='word_1_167' title='bbox 2782 2520 3077 2596; x_wconf 87' lang='lat' dir='ltr'>aegypto</span> <span class='ocrx_word' id='word_1_168' title='bbox 3109 2509 3165 2551; x_wconf 74' lang='lat'>2⁰</span> <span class='ocrx_word' id='word_1_169' title='bbox 3185 2516 3412 2579; x_wconf 90' lang='lat' dir='ltr'>dicens</span> 
     </span>
    </p>
   </div>
   <div class='ocr_carea' id='block_1_5' title="bbox 722 2717 3738 3929">
    <p class='ocr_par' dir='ltr' id='par_1_5' title="bbox 722 2717 3738 3268">
     <span class='ocr_line' id='line_1_37' title="bbox 722 2717 3735 2797; baseline 0.001 -19"><span class='ocrx_word' id='word_1_170' title='bbox 722 2737 914 2778; x_wconf 89' lang='lat' dir='ltr'>suam.</span> <span class='ocrx_word' id='word_1_171' title='bbox 998 2717 1467 2778; x_wconf 69' lang='lat' dir='ltr'>”recedentibus</span> <span class='ocrx_word' id='word_1_172' title='bbox 1523 2729 1720 2779; x_wconf 89' lang='lat' dir='ltr'>autem</span> <span class='ocrx_word' id='word_1_173' title='bbox 1775 2719 1905 2779; x_wconf 86' lang='lat' dir='ltr'>illis.</span> <span class='ocrx_word' id='word_1_174' title='bbox 1987 2738 2130 2780; x_wconf 90' lang='lat' dir='ltr'>ecce</span> <span class='ocrx_word' id='word_1_175' title='bbox 2193 2720 2444 2796; x_wconf 84' lang='lat' dir='ltr'>angelus</span> <span class='ocrx_word' id='word_1_176' title='bbox 2510 2718 2737 2778; x_wconf 89' lang='lat' dir='ltr'>domini</span> <span class='ocrx_word' id='word_1_177' title='bbox 2797 2720 3063 2796; x_wconf 76' lang='lat' dir='ltr'>apparuit</span> <span class='ocrx_word' id='word_1_178' title='bbox 3121 2719 3328 2797; x_wconf 89' lang='lat' dir='ltr'>ioseph</span> <span class='ocrx_word' id='word_1_179' title='bbox 3385 2720 3447 2778; x_wconf 88' lang='lat' dir='ltr'>in</span> <span class='ocrx_word' id='word_1_180' title='bbox 3511 2721 3735 2780; x_wconf 86' lang='lat' dir='ltr'>somnis</span> 
     </span>
     <span class='ocr_line' id='line_1_38' title="bbox 722 2812 3737 2891; baseline 0.001 -20"><span class='ocrx_word' id='word_1_181' title='bbox 722 2813 944 2872; x_wconf 80' lang='lat' dir='ltr'>dicens,</span> <span class='ocrx_word' id='word_1_182' title='bbox 1026 2831 1201 2889; x_wconf 86' lang='lat' dir='ltr'>surge</span> <span class='ocrx_word' id='word_1_183' title='bbox 1238 2822 1297 2872; x_wconf 90' lang='lat' dir='ltr'>et</span> <span class='ocrx_word' id='word_1_184' title='bbox 1333 2813 1535 2890; x_wconf 87' lang='lat' dir='ltr'>accipe</span> <span class='ocrx_word' id='word_1_185' title='bbox 1574 2831 1820 2890; x_wconf 89' lang='lat' dir='ltr'>puerum</span> <span class='ocrx_word' id='word_1_186' title='bbox 1862 2821 1920 2872; x_wconf 91' lang='lat' dir='ltr'>et</span> <span class='ocrx_word' id='word_1_187' title='bbox 1960 2822 2209 2871; x_wconf 89' lang='lat' dir='ltr'>matrem</span> <span class='ocrx_word' id='word_1_188' title='bbox 2250 2814 2376 2873; x_wconf 91' lang='lat' dir='ltr'>eius</span> <span class='ocrx_word' id='word_1_189' title='bbox 2418 2823 2475 2871; x_wconf 91' lang='lat' dir='ltr'>et</span> <span class='ocrx_word' id='word_1_190' title='bbox 2517 2812 2656 2889; x_wconf 88' lang='lat' dir='ltr'>fuge</span> <span class='ocrx_word' id='word_1_191' title='bbox 2697 2812 2758 2870; x_wconf 90' lang='lat' dir='ltr'>in</span> <span class='ocrx_word' id='word_1_192' title='bbox 2799 2824 3116 2889; x_wconf 84' lang='lat' dir='ltr'>aegyptum</span> <span class='ocrx_word' id='word_1_193' title='bbox 3158 2825 3214 2871; x_wconf 91' lang='lat' dir='ltr'>et</span> <span class='ocrx_word' id='word_1_194' title='bbox 3259 2823 3386 2872; x_wconf 90' lang='lat' dir='ltr'>esto</span> <span class='ocrx_word' id='word_1_195' title='bbox 3428 2815 3507 2873; x_wconf 92' lang='lat' dir='ltr'>ibi</span> <span class='ocrx_word' id='word_1_196' title='bbox 3549 2832 3737 2891; x_wconf 87' lang='lat' dir='ltr'>usque</span> 
     </span>
     <span class='ocr_line' id='line_1_39' title="bbox 723 2905 3737 2985; baseline 0 -19"><span class='ocrx_word' id='word_1_197' title='bbox 723 2907 866 2966; x_wconf 92' lang='lat' dir='ltr'>dum</span> <span class='ocrx_word' id='word_1_198' title='bbox 903 2907 1096 2967; x_wconf 90' lang='lat' dir='ltr'>dicam</span> <span class='ocrx_word' id='word_1_199' title='bbox 1130 2906 1251 2967; x_wconf 90' lang='lat' dir='ltr'>tibi.</span> <span class='ocrx_word' id='word_1_200' title='bbox 1334 2907 1589 2965; x_wconf 86' lang='lat' dir='ltr'>futurum</span> <span class='ocrx_word' id='word_1_201' title='bbox 1627 2916 1717 2966; x_wconf 88' lang='lat' dir='ltr'>est</span> <span class='ocrx_word' id='word_1_202' title='bbox 1752 2906 1912 2966; x_wconf 90' lang='lat' dir='ltr'>enim</span> <span class='ocrx_word' id='word_1_203' title='bbox 1939 2916 2004 2964; x_wconf 90' lang='lat' dir='ltr'>ut</span> <span class='ocrx_word' id='word_1_204' title='bbox 2031 2905 2281 2965; x_wconf 90' lang='lat' dir='ltr'>herodes</span> <span class='ocrx_word' id='word_1_205' title='bbox 2309 2916 2550 2985; x_wconf 88' lang='lat' dir='ltr'>quaerat</span> <span class='ocrx_word' id='word_1_206' title='bbox 2577 2923 2821 2983; x_wconf 89' lang='lat' dir='ltr'>puerum</span> <span class='ocrx_word' id='word_1_207' title='bbox 2851 2907 3093 2982; x_wconf 87' lang='lat' dir='ltr'>perdere</span> <span class='ocrx_word' id='word_1_208' title='bbox 3122 2925 3276 2965; x_wconf 92' lang='lat' dir='ltr'>eum.</span> <span class='ocrx_word' id='word_1_209' title='bbox 3353 2907 3403 2940; x_wconf 78' lang='lat'>³⁴</span> <span class='ocrx_word' id='word_1_210' title='bbox 3420 2907 3513 2966; x_wconf 89' lang='lat' dir='ltr'>ille</span> <span class='ocrx_word' id='word_1_211' title='bbox 3541 2919 3737 2967; x_wconf 87' lang='lat' dir='ltr'>autem</span> 
     </span>
     <span class='ocr_line' id='line_1_40' title="bbox 723 2999 3738 3079; baseline -0.001 -17"><span class='ocrx_word' id='word_1_212' title='bbox 723 3019 973 3078; x_wconf 86' lang='lat' dir='ltr'>surgens</span> <span class='ocrx_word' id='word_1_213' title='bbox 1004 3003 1232 3079; x_wconf 90' lang='lat' dir='ltr'>accepit</span> <span class='ocrx_word' id='word_1_214' title='bbox 1269 3019 1515 3079; x_wconf 90' lang='lat' dir='ltr'>puerum</span> <span class='ocrx_word' id='word_1_215' title='bbox 1553 3010 1613 3060; x_wconf 92' lang='lat' dir='ltr'>et</span> <span class='ocrx_word' id='word_1_216' title='bbox 1649 3010 1892 3059; x_wconf 89' lang='lat' dir='ltr'>matrem</span> <span class='ocrx_word' id='word_1_217' title='bbox 1938 3001 2062 3059; x_wconf 90' lang='lat' dir='ltr'>eius</span> <span class='ocrx_word' id='word_1_218' title='bbox 2100 3010 2293 3059; x_wconf 89' lang='lat' dir='ltr'>nocte.</span> <span class='ocrx_word' id='word_1_219' title='bbox 2377 3011 2434 3059; x_wconf 93' lang='lat' dir='ltr'>et</span> <span class='ocrx_word' id='word_1_220' title='bbox 2473 2999 2612 3058; x_wconf 90' lang='lat' dir='ltr'>abiit</span> <span class='ocrx_word' id='word_1_221' title='bbox 2644 3000 2706 3057; x_wconf 86' lang='lat' dir='ltr'>in</span> <span class='ocrx_word' id='word_1_222' title='bbox 2732 3009 3067 3077; x_wconf 84' lang='lat' dir='ltr'>aegyptum.</span> <span class='ocrx_word' id='word_1_223' title='bbox 3153 3001 3195 3032; x_wconf 82' lang='lat'>¹⁶</span> <span class='ocrx_word' id='word_1_224' title='bbox 3211 3011 3269 3059; x_wconf 90' lang='lat' dir='ltr'>et</span> <span class='ocrx_word' id='word_1_225' title='bbox 3296 3010 3418 3060; x_wconf 89' lang='lat' dir='ltr'>erat</span> <span class='ocrx_word' id='word_1_226' title='bbox 3445 3002 3524 3060; x_wconf 90' lang='lat' dir='ltr'>ibi</span> <span class='ocrx_word' id='word_1_227' title='bbox 3551 3019 3738 3079; x_wconf 91' lang='lat' dir='ltr'>usque</span> 
     </span>
     <span class='ocr_line' id='line_1_41' title="bbox 723 3092 3737 3172; baseline -0 -17"><span class='ocrx_word' id='word_1_228' title='bbox 723 3096 801 3155; x_wconf 90' lang='lat' dir='ltr'>ad</span> <span class='ocrx_word' id='word_1_229' title='bbox 834 3095 1058 3154; x_wconf 89' lang='lat' dir='ltr'>obitum</span> <span class='ocrx_word' id='word_1_230' title='bbox 1087 3094 1337 3154; x_wconf 89' lang='lat' dir='ltr'>herodis.</span> <span class='ocrx_word' id='word_1_231' title='bbox 1420 3105 1483 3153; x_wconf 91' lang='lat' dir='ltr'>ut</span> <span class='ocrx_word' id='word_1_232' title='bbox 1522 3094 1931 3170; x_wconf 90' lang='lat' dir='ltr'>adimpleretur</span> <span class='ocrx_word' id='word_1_233' title='bbox 1959 3093 2121 3170; x_wconf 93' lang='lat' dir='ltr'>quod</span> <span class='ocrx_word' id='word_1_234' title='bbox 2150 3093 2374 3153; x_wconf 91' lang='lat' dir='ltr'>dictum</span> <span class='ocrx_word' id='word_1_235' title='bbox 2412 3102 2502 3153; x_wconf 88' lang='lat' dir='ltr'>est</span> <span class='ocrx_word' id='word_1_236' title='bbox 2539 3112 2575 3152; x_wconf 89' lang='lat' dir='ltr'>a</span> <span class='ocrx_word' id='word_1_237' title='bbox 2616 3092 2858 3153; x_wconf 89' lang='lat' dir='ltr'>domino</span> <span class='ocrx_word' id='word_1_238' title='bbox 2898 3112 3005 3172; x_wconf 92' lang='lat' dir='ltr'>per</span> <span class='ocrx_word' id='word_1_239' title='bbox 3041 3094 3393 3172; x_wconf 86' lang='lat' dir='ltr'>prophetam</span> <span class='ocrx_word' id='word_1_240' title='bbox 3428 3095 3737 3155; x_wconf 90' lang='lat' dir='ltr'>dicentem.</span> 
     </span>
     <span class='ocr_line' id='line_1_42' title="bbox 723 3189 1775 3268; baseline -0.003 -18"><span class='ocrx_word' id='word_1_241' title='bbox 723 3210 799 3250; x_wconf 81' lang='lat' dir='ltr'>ex</span> <span class='ocrx_word' id='word_1_242' title='bbox 825 3200 1079 3268; x_wconf 87' lang='lat' dir='ltr'>aegypto</span> <span class='ocrx_word' id='word_1_243' title='bbox 1107 3189 1322 3249; x_wconf 90' lang='lat' dir='ltr'>uocabi</span> <span class='ocrx_word' id='word_1_244' title='bbox 1348 3189 1529 3249; x_wconf 88' lang='lat' dir='ltr'>filium</span> <span class='ocrx_word' id='word_1_245' title='bbox 1559 3207 1775 3248; x_wconf 90' lang='lat' dir='ltr'>meum.</span> 
     </span>
    </p>

    <p class='ocr_par' dir='ltr' id='par_1_6' title="bbox 890 3282 3327 3361">
     <span class='ocr_line' id='line_1_43' title="bbox 890 3282 3327 3361; baseline -0 -17"><span class='ocrx_word' id='word_1_246' title='bbox 890 3285 932 3318; x_wconf 77' lang='lat'>¹⁰</span> <span class='ocrx_word' id='word_1_247' title='bbox 948 3296 1086 3344; x_wconf 87' lang='lat' dir='ltr'>tunc</span> <span class='ocrx_word' id='word_1_248' title='bbox 1113 3285 1365 3344; x_wconf 89' lang='lat' dir='ltr'>herodes</span> <span class='ocrx_word' id='word_1_249' title='bbox 1392 3284 1599 3343; x_wconf 89' lang='lat' dir='ltr'>uidens</span> <span class='ocrx_word' id='word_1_250' title='bbox 1628 3284 1790 3361; x_wconf 89' lang='lat' dir='ltr'>quod</span> <span class='ocrx_word' id='word_1_251' title='bbox 1818 3282 2051 3342; x_wconf 89' lang='lat' dir='ltr'>delusus</span> <span class='ocrx_word' id='word_1_252' title='bbox 2079 3291 2232 3342; x_wconf 90' lang='lat' dir='ltr'>esset</span> <span class='ocrx_word' id='word_1_253' title='bbox 2261 3301 2297 3341; x_wconf 92' lang='lat' dir='ltr'>a</span> <span class='ocrx_word' id='word_1_254' title='bbox 2324 3284 2529 3359; x_wconf 88' lang='lat' dir='ltr'>magis.</span> <span class='ocrx_word' id='word_1_255' title='bbox 2613 3283 2792 3342; x_wconf 91' lang='lat' dir='ltr'>iratus</span> <span class='ocrx_word' id='word_1_256' title='bbox 2819 3293 2908 3342; x_wconf 91' lang='lat' dir='ltr'>est</span> <span class='ocrx_word' id='word_1_257' title='bbox 2935 3282 3327 3343; x_wconf 89' lang='lat' dir='ltr'>uehementer.</span> 
     </span>
    </p>

    <p class='ocr_par' dir='ltr' id='par_1_7' title="bbox 722 3376 3737 3548">
     <span class='ocr_line' id='line_1_44' title="bbox 889 3376 3737 3455; baseline 0 -17"><span class='ocrx_word' id='word_1_258' title='bbox 889 3388 947 3439; x_wconf 89' lang='lat' dir='ltr'>et</span> <span class='ocrx_word' id='word_1_259' title='bbox 986 3379 1225 3438; x_wconf 86' lang='lat' dir='ltr'>mittens</span> <span class='ocrx_word' id='word_1_260' title='bbox 1265 3378 1477 3438; x_wconf 90' lang='lat' dir='ltr'>occidit</span> <span class='ocrx_word' id='word_1_261' title='bbox 1517 3396 1728 3437; x_wconf 90' lang='lat' dir='ltr'>omnes</span> <span class='ocrx_word' id='word_1_262' title='bbox 1764 3394 1978 3455; x_wconf 90' lang='lat' dir='ltr'>pueros</span> <span class='ocrx_word' id='word_1_263' title='bbox 2018 3377 2119 3453; x_wconf 92' lang='lat' dir='ltr'>qui</span> <span class='ocrx_word' id='word_1_264' title='bbox 2151 3386 2320 3435; x_wconf 87' lang='lat' dir='ltr'>erant</span> <span class='ocrx_word' id='word_1_265' title='bbox 2356 3377 2418 3435; x_wconf 90' lang='lat' dir='ltr'>in</span> <span class='ocrx_word' id='word_1_266' title='bbox 2455 3376 2751 3436; x_wconf 88' lang='lat' dir='ltr'>bethleem</span> <span class='ocrx_word' id='word_1_267' title='bbox 2783 3387 2841 3435; x_wconf 91' lang='lat' dir='ltr'>et</span> <span class='ocrx_word' id='word_1_268' title='bbox 2877 3377 2939 3435; x_wconf 89' lang='lat' dir='ltr'>in</span> <span class='ocrx_word' id='word_1_269' title='bbox 2975 3378 3251 3437; x_wconf 90' lang='lat' dir='ltr'>omnibus</span> <span class='ocrx_word' id='word_1_270' title='bbox 3289 3378 3501 3437; x_wconf 90' lang='lat' dir='ltr'>finibus</span> <span class='ocrx_word' id='word_1_271' title='bbox 3537 3379 3663 3437; x_wconf 89' lang='lat' dir='ltr'>eius</span> <span class='ocrx_word' id='word_1_272' title='bbox 3697 3397 3737 3439; x_wconf 86' lang='lat' dir='ltr'>a</span> 
     </span>
     <span class='ocr_line' id='line_1_45' title="bbox 722 3470 2758 3548; baseline -0.001 -15"><span class='ocrx_word' id='word_1_273' title='bbox 722 3475 949 3534; x_wconf 88' lang='lat' dir='ltr'>bimatu</span> <span class='ocrx_word' id='word_1_274' title='bbox 976 3484 1037 3532; x_wconf 91' lang='lat' dir='ltr'>et</span> <span class='ocrx_word' id='word_1_275' title='bbox 1062 3472 1229 3533; x_wconf 86' lang='lat' dir='ltr'>infra.</span> <span class='ocrx_word' id='word_1_276' title='bbox 1312 3472 1638 3532; x_wconf 89' lang='lat' dir='ltr'>secuudum</span> <span class='ocrx_word' id='word_1_277' title='bbox 1667 3481 1898 3548; x_wconf 87' lang='lat' dir='ltr'>tempus</span> <span class='ocrx_word' id='word_1_278' title='bbox 1925 3470 2087 3547; x_wconf 91' lang='lat' dir='ltr'>quod</span> <span class='ocrx_word' id='word_1_279' title='bbox 2113 3471 2463 3547; x_wconf 85' lang='lat' dir='ltr'>exquisierat</span> <span class='ocrx_word' id='word_1_280' title='bbox 2489 3489 2523 3529; x_wconf 91' lang='lat' dir='ltr'>a</span> <span class='ocrx_word' id='word_1_281' title='bbox 2552 3471 2758 3546; x_wconf 64' lang='lat' dir='ltr'>magis</span> 
     </span>
    </p>

    <p class='ocr_par' dir='ltr' id='par_1_8' title="bbox 724 3561 3738 3929">
     <span class='ocr_line' id='line_1_46' title="bbox 887 3561 3737 3646; baseline -0.001 -20"><span class='ocrx_word' id='word_1_282' title='bbox 887 3568 931 3602; x_wconf 77' lang='lat'>¹⁷</span> <span class='ocrx_word' id='word_1_283' title='bbox 953 3578 1092 3626; x_wconf 90' lang='lat' dir='ltr'>tunc</span> <span class='ocrx_word' id='word_1_284' title='bbox 1121 3567 1503 3646; x_wconf 86' lang='lat' dir='ltr'>adimpletum</span> <span class='ocrx_word' id='word_1_285' title='bbox 1531 3575 1618 3625; x_wconf 88' lang='lat' dir='ltr'>est</span> <span class='ocrx_word' id='word_1_286' title='bbox 1644 3565 1803 3642; x_wconf 93' lang='lat' dir='ltr'>quod</span> <span class='ocrx_word' id='word_1_287' title='bbox 1833 3564 2051 3623; x_wconf 90' lang='lat' dir='ltr'>dictum</span> <span class='ocrx_word' id='word_1_288' title='bbox 2080 3573 2167 3624; x_wconf 89' lang='lat' dir='ltr'>est</span> <span class='ocrx_word' id='word_1_289' title='bbox 2193 3583 2299 3641; x_wconf 90' lang='lat' dir='ltr'>per</span> <span class='ocrx_word' id='word_1_290' title='bbox 2326 3564 2664 3624; x_wconf 89' lang='lat' dir='ltr'>hieremiam</span> <span class='ocrx_word' id='word_1_291' title='bbox 2692 3562 3044 3641; x_wconf 89' lang='lat' dir='ltr'>prophetam</span> <span class='ocrx_word' id='word_1_292' title='bbox 3075 3564 3384 3624; x_wconf 87' lang='lat' dir='ltr'>dicentem.</span> <span class='ocrx_word' id='word_1_293' title='bbox 3453 3561 3496 3598; x_wconf 81' lang='lat'>¹⁸</span> <span class='ocrx_word' id='word_1_294' title='bbox 3517 3583 3635 3625; x_wconf 86' lang='lat' dir='ltr'>uox</span> <span class='ocrx_word' id='word_1_295' title='bbox 3675 3566 3737 3623; x_wconf 90' lang='lat' dir='ltr'>in</span> 
     </span>
     <span class='ocr_line' id='line_1_47' title="bbox 724 3657 3738 3738; baseline -0.002 -16"><span class='ocrx_word' id='word_1_296' title='bbox 724 3681 890 3723; x_wconf 83' lang='lat' dir='ltr'>rama</span> <span class='ocrx_word' id='word_1_297' title='bbox 915 3662 1112 3721; x_wconf 90' lang='lat' dir='ltr'>audita</span> <span class='ocrx_word' id='word_1_298' title='bbox 1139 3673 1245 3721; x_wconf 90' lang='lat' dir='ltr'>est.</span> <span class='ocrx_word' id='word_1_299' title='bbox 1312 3661 1574 3738; x_wconf 84' lang='lat' dir='ltr'>ploratus</span> <span class='ocrx_word' id='word_1_300' title='bbox 1602 3673 1662 3719; x_wconf 93' lang='lat' dir='ltr'>et</span> <span class='ocrx_word' id='word_1_301' title='bbox 1690 3659 1938 3718; x_wconf 88' lang='lat' dir='ltr'>ululatus</span> <span class='ocrx_word' id='word_1_302' title='bbox 1968 3657 2206 3719; x_wconf 76' lang='lat' dir='ltr'>multus,</span> <span class='ocrx_word' id='word_1_303' title='bbox 2278 3658 2475 3718; x_wconf 89' lang='lat' dir='ltr'>rachel</span> <span class='ocrx_word' id='word_1_304' title='bbox 2503 3658 2744 3735; x_wconf 88' lang='lat' dir='ltr'>plorans</span> <span class='ocrx_word' id='word_1_305' title='bbox 2773 3658 2923 3718; x_wconf 89' lang='lat' dir='ltr'>filios</span> <span class='ocrx_word' id='word_1_306' title='bbox 2962 3677 3102 3718; x_wconf 88' lang='lat' dir='ltr'>suos</span> <span class='ocrx_word' id='word_1_307' title='bbox 3140 3670 3199 3718; x_wconf 91' lang='lat' dir='ltr'>et</span> <span class='ocrx_word' id='word_1_308' title='bbox 3227 3659 3413 3718; x_wconf 89' lang='lat' dir='ltr'>noluit</span> <span class='ocrx_word' id='word_1_309' title='bbox 3448 3659 3738 3720; x_wconf 85' lang='lat' dir='ltr'>consolari</span> 
     </span>
     <span class='ocr_line' id='line_1_48' title="bbox 724 3752 3738 3836; baseline -0.001 -20"><span class='ocrx_word' id='word_1_310' title='bbox 724 3758 864 3836; x_wconf 88' lang='lat' dir='ltr'>quia</span> <span class='ocrx_word' id='word_1_311' title='bbox 890 3775 1012 3817; x_wconf 90' lang='lat' dir='ltr'>non</span> <span class='ocrx_word' id='word_1_312' title='bbox 1041 3767 1193 3817; x_wconf 90' lang='lat' dir='ltr'>sunt.</span> <span class='ocrx_word' id='word_1_313' title='bbox 1276 3757 1320 3789; x_wconf 78' lang='lat'>¹⁹</span> <span class='ocrx_word' id='word_1_314' title='bbox 1341 3754 1618 3815; x_wconf 88' lang='lat' dir='ltr'>defuncto</span> <span class='ocrx_word' id='word_1_315' title='bbox 1647 3763 1843 3813; x_wconf 89' lang='lat' dir='ltr'>autem</span> <span class='ocrx_word' id='word_1_316' title='bbox 1877 3753 2094 3812; x_wconf 91' lang='lat' dir='ltr'>herode</span> <span class='ocrx_word' id='word_1_317' title='bbox 2131 3772 2271 3813; x_wconf 91' lang='lat' dir='ltr'>ecce</span> <span class='ocrx_word' id='word_1_318' title='bbox 2310 3754 2578 3831; x_wconf 88' lang='lat' dir='ltr'>apparuit</span> <span class='ocrx_word' id='word_1_319' title='bbox 2614 3754 2858 3830; x_wconf 85' lang='lat' dir='ltr'>angelus</span> <span class='ocrx_word' id='word_1_320' title='bbox 2900 3752 3124 3811; x_wconf 89' lang='lat' dir='ltr'>domini</span> <span class='ocrx_word' id='word_1_321' title='bbox 3160 3754 3222 3812; x_wconf 88' lang='lat' dir='ltr'>in</span> <span class='ocrx_word' id='word_1_322' title='bbox 3265 3755 3491 3815; x_wconf 84' lang='lat' dir='ltr'>somnis</span> <span class='ocrx_word' id='word_1_323' title='bbox 3527 3754 3738 3830; x_wconf 91' lang='lat' dir='ltr'>ioseph</span> 
     </span>
     <span class='ocr_line' id='line_1_49' title="bbox 724 3846 3733 3929; baseline -0.002 -18"><span class='ocrx_word' id='word_1_324' title='bbox 724 3854 788 3910; x_wconf 87' lang='lat' dir='ltr'>in</span> <span class='ocrx_word' id='word_1_325' title='bbox 837 3861 1092 3929; x_wconf 89' lang='lat' dir='ltr'>aegypto</span> <span class='ocrx_word' id='word_1_326' title='bbox 1129 3850 1393 3910; x_wconf 72' lang='lat' dir='ltr'>²&#39;⁰dicens</span> <span class='ocrx_word' id='word_1_327' title='bbox 1436 3866 1684 3925; x_wconf 89' lang='lat' dir='ltr'>surgens</span> <span class='ocrx_word' id='word_1_328' title='bbox 1729 3847 1930 3925; x_wconf 90' lang='lat' dir='ltr'>accipe</span> <span class='ocrx_word' id='word_1_329' title='bbox 1973 3865 2220 3924; x_wconf 89' lang='lat' dir='ltr'>puerum</span> <span class='ocrx_word' id='word_1_330' title='bbox 2263 3857 2322 3906; x_wconf 94' lang='lat' dir='ltr'>et</span> <span class='ocrx_word' id='word_1_331' title='bbox 2356 3858 2604 3906; x_wconf 90' lang='lat' dir='ltr'>matrem</span> <span class='ocrx_word' id='word_1_332' title='bbox 2649 3848 2788 3906; x_wconf 77' lang='lat' dir='ltr'>eiuS.</span> <span class='ocrx_word' id='word_1_333' title='bbox 2859 3857 2918 3905; x_wconf 92' lang='lat' dir='ltr'>et</span> <span class='ocrx_word' id='word_1_334' title='bbox 2959 3846 3111 3907; x_wconf 87' lang='lat' dir='ltr'>uade</span> <span class='ocrx_word' id='word_1_335' title='bbox 3154 3847 3214 3904; x_wconf 90' lang='lat' dir='ltr'>in</span> <span class='ocrx_word' id='word_1_336' title='bbox 3258 3856 3469 3907; x_wconf 86' lang='lat' dir='ltr'>terram</span> <span class='ocrx_word' id='word_1_337' title='bbox 3507 3848 3733 3907; x_wconf 78' lang='lat' dir='ltr'>israhel,</span> 
     </span>
    </p>
   </div>
   <div class='ocr_carea' id='block_1_6' title="bbox 722 4056 2127 4517">
    <p class='ocr_par' dir='ltr' id='par_1_9' title="bbox 722 4056 2127 4517">
     <span class='ocr_line' id='line_1_50' title="bbox 799 4056 2126 4127; baseline -0.004 -17"><span class='ocrx_word' id='word_1_338' title='bbox 799 4075 875 4123; x_wconf 82' lang='lat'><strong>13.</strong></span> <span class='ocrx_word' id='word_1_339' title='bbox 907 4077 1059 4127; x_wconf 87' lang='lat' dir='ltr'>quum</span> <span class='ocrx_word' id='word_1_340' title='bbox 1115 4060 1178 4109; x_wconf 89' lang='grc' dir='ltr'>Θ.</span> <span class='ocrx_word' id='word_1_341' title='bbox 1278 4061 1675 4110; x_wconf 68' lang='lat' dir='ltr'>messionem:</span> <span class='ocrx_word' id='word_1_342' title='bbox 1732 4056 2016 4107; x_wconf 85' lang='lat' dir='ltr'>recessisent</span> <span class='ocrx_word' id='word_1_343' title='bbox 2066 4056 2126 4116; x_wconf 90' lang='lat' dir='ltr'>L,</span> 
     </span>
     <span class='ocr_line' id='line_1_51' title="bbox 728 4136 2127 4204; baseline -0.003 -15"><span class='ocrx_word' id='word_1_344' title='bbox 728 4140 933 4204; x_wconf 81' lang='lat' dir='ltr'>regressi</span> <span class='ocrx_word' id='word_1_345' title='bbox 957 4146 1119 4189; x_wconf 86' lang='lat' dir='ltr'>esseut</span> <span class='ocrx_word' id='word_1_346' title='bbox 1139 4138 1249 4198; x_wconf 89' lang='lat' dir='ltr'>CT,</span> <span class='ocrx_word' id='word_1_347' title='bbox 1266 4137 1581 4202; x_wconf 83' lang='lat' dir='ltr'>regressisent</span> <span class='ocrx_word' id='word_1_348' title='bbox 1604 4137 1722 4197; x_wconf 89' lang='lat' dir='ltr'>DR,</span> <span class='ocrx_word' id='word_1_349' title='bbox 1747 4136 2038 4200; x_wconf 84' lang='lat' dir='ltr'>regresisent</span> <span class='ocrx_word' id='word_1_350' title='bbox 2061 4136 2127 4198; x_wconf 88' lang='lat' dir='ltr'>Q.</span> 
     </span>
     <span class='ocr_line' id='line_1_52' title="bbox 727 4213 2127 4281; baseline -0.002 -14"><span class='ocrx_word' id='word_1_351' title='bbox 727 4217 971 4281; x_wconf 79' lang='lat' dir='ltr'>hangelus</span> <span class='ocrx_word' id='word_1_352' title='bbox 987 4217 1046 4275; x_wconf 88' lang='lat' dir='ltr'>C,</span> <span class='ocrx_word' id='word_1_353' title='bbox 1068 4215 1310 4280; x_wconf 84' lang='lat' dir='ltr'>anguelus</span> <span class='ocrx_word' id='word_1_354' title='bbox 1329 4218 1394 4265; x_wconf 89' lang='lat' dir='ltr'>D.</span> <span class='ocrx_word' id='word_1_355' title='bbox 1460 4218 1674 4264; x_wconf 72' lang='lat' dir='ltr'>somnis</span> <span class='ocrx_word' id='word_1_356' title='bbox 1694 4214 1941 4279; x_wconf 86' lang='lat' dir='ltr'>(sompnis</span> <span class='ocrx_word' id='word_1_357' title='bbox 1955 4213 2127 4277; x_wconf 83' lang='lat' dir='ltr'><strong>Qw):</strong></span> 
     </span>
     <span class='ocr_line' id='line_1_53' title="bbox 722 4291 2127 4358; baseline -0.004 -13"><span class='ocrx_word' id='word_1_358' title='bbox 722 4294 924 4345; x_wconf 78' lang='lat' dir='ltr'>somnio</span> <span class='ocrx_word' id='word_1_359' title='bbox 953 4294 1154 4344; x_wconf 70' lang='lat' dir='ltr'>A*X⁰Y</span> <span class='ocrx_word' id='word_1_360' title='bbox 1175 4300 1225 4343; x_wconf 87' lang='lat' dir='ltr'>et</span> <span class='ocrx_word' id='word_1_361' title='bbox 1248 4295 1315 4344; x_wconf 87' lang='lat' dir='ltr'><strong>B.</strong></span> <span class='ocrx_word' id='word_1_362' title='bbox 1339 4294 1417 4343; x_wconf 87' lang='lat' dir='ltr'><strong>M.</strong></span> <span class='ocrx_word' id='word_1_363' title='bbox 1442 4294 1563 4358; x_wconf 76' lang='lat' dir='ltr'>Reg.</span> <span class='ocrx_word' id='word_1_364' title='bbox 1592 4306 1615 4341; x_wconf 93' lang='lat'><strong>1</strong></span> <span class='ocrx_word' id='word_1_365' title='bbox 1645 4294 1701 4341; x_wconf 91' lang='lat' dir='ltr'><strong>B.</strong></span> <span class='ocrx_word' id='word_1_366' title='bbox 1724 4291 1811 4353; x_wconf 86' lang='lat' dir='ltr'>vii,</span> <span class='ocrx_word' id='word_1_367' title='bbox 1845 4292 2010 4341; x_wconf 87' lang='lat' dir='ltr'>somni</span> <span class='ocrx_word' id='word_1_368' title='bbox 2041 4293 2127 4340; x_wconf 76' lang='lat' dir='ltr'><strong>A0.</strong></span> 
     </span>
     <span class='ocr_line' id='line_1_54' title="bbox 726 4369 2127 4438; baseline -0.004 -14"><span class='ocrx_word' id='word_1_369' title='bbox 726 4389 874 4438; x_wconf 77' lang='lat' dir='ltr'>surge</span> <span class='ocrx_word' id='word_1_370' title='bbox 910 4373 1085 4438; x_wconf 75' lang='lat' dir='ltr'>accipe</span> <span class='ocrx_word' id='word_1_371' title='bbox 1128 4389 1224 4421; x_wconf 82' lang='lat' dir='ltr'>om.</span> <span class='ocrx_word' id='word_1_372' title='bbox 1269 4378 1329 4421; x_wconf 78' lang='lat' dir='ltr'>et</span> <span class='ocrx_word' id='word_1_373' title='bbox 1374 4369 1440 4427; x_wconf 63' lang='grc'>5.</span> <span class='ocrx_word' id='word_1_374' title='bbox 1543 4372 1801 4436; x_wconf 80' lang='lat' dir='ltr'>aegiptum</span> <span class='ocrx_word' id='word_1_375' title='bbox 1844 4370 1999 4430; x_wconf 88' lang='lat' dir='ltr'>ERT,</span> <span class='ocrx_word' id='word_1_376' title='bbox 2045 4384 2127 4418; x_wconf 88' lang='lat' dir='ltr'>ae-</span> 
     </span>
     <span class='ocr_line' id='line_1_55' title="bbox 726 4444 2127 4517; baseline -0.005 -14"><span class='ocrx_word' id='word_1_377' title='bbox 726 4444 934 4517; x_wconf 80' lang='lat' dir='ltr'>geptum</span> <span class='ocrx_word' id='word_1_378' title='bbox 968 4452 1028 4511; x_wconf 90' lang='lat' dir='ltr'>L,</span> <span class='ocrx_word' id='word_1_379' title='bbox 1063 4450 1290 4516; x_wconf 84' lang='lat' dir='ltr'>egiptum</span> <span class='ocrx_word' id='word_1_380' title='bbox 1324 4451 1408 4500; x_wconf 88' lang='lat' dir='ltr'>W.</span> <span class='ocrx_word' id='word_1_381' title='bbox 1489 4449 1680 4514; x_wconf 82' lang='lat' dir='ltr'>busque</span> <span class='ocrx_word' id='word_1_382' title='bbox 1712 4450 1773 4498; x_wconf 88' lang='lat' dir='ltr'>C.</span> <span class='ocrx_word' id='word_1_383' title='bbox 1856 4448 2032 4498; x_wconf 86' lang='lat' dir='ltr'>erodes</span> <span class='ocrx_word' id='word_1_384' title='bbox 2064 4447 2127 4508; x_wconf 90' lang='lat' dir='ltr'>T,</span> 
     </span>
    </p>
   </div>
   <div class='ocr_carea' id='block_1_7' title="bbox 2333 4055 3740 4511">
    <p class='ocr_par' dir='ltr' id='par_1_10' title="bbox 2333 4055 3740 4511">
     <span class='ocr_line' id='line_1_56' title="bbox 2336 4055 3736 4124; baseline 0.003 -19"><span class='ocrx_word' id='word_1_385' title='bbox 2336 4056 2551 4106; x_wconf 84' lang='lat' dir='ltr'>dilussus</span> <span class='ocrx_word' id='word_1_386' title='bbox 2570 4057 2637 4106; x_wconf 92' lang='lat' dir='ltr'>D.</span> <span class='ocrx_word' id='word_1_387' title='bbox 2694 4062 2874 4106; x_wconf 72' lang='lat' dir='ltr'>essett</span> <span class='ocrx_word' id='word_1_388' title='bbox 2906 4065 2981 4107; x_wconf 85' lang='lat' dir='ltr'>est</span> <span class='ocrx_word' id='word_1_389' title='bbox 2997 4055 3093 4107; x_wconf 78' lang='grc' dir='ltr'>Χ*.</span> <span class='ocrx_word' id='word_1_390' title='bbox 3149 4058 3313 4122; x_wconf 83' lang='lat' dir='ltr'>magis</span> <span class='ocrx_word' id='word_1_391' title='bbox 3328 4058 3381 4107; x_wconf 89' lang='lat' dir='ltr'>H</span> <span class='ocrx_word' id='word_1_392' title='bbox 3403 4056 3581 4124; x_wconf 55' lang='grc' dir='ltr'>(αἶα-ηρ.</span> <span class='ocrx_word' id='word_1_393' title='bbox 3595 4059 3736 4122; x_wconf 69' lang='lat' dir='ltr'>lim).</span> 
     </span>
     <span class='ocr_line' id='line_1_57' title="bbox 2334 4134 3737 4199; baseline 0.003 -16"><span class='ocrx_word' id='word_1_394' title='bbox 2334 4134 2557 4184; x_wconf 85' lang='lat' dir='ltr'>hoccidit</span> <span class='ocrx_word' id='word_1_395' title='bbox 2603 4134 2664 4184; x_wconf 92' lang='lat' dir='ltr'>C.</span> <span class='ocrx_word' id='word_1_396' title='bbox 2752 4150 2958 4192; x_wconf 74' lang='lat' dir='ltr'>pueros</span> <span class='ocrx_word' id='word_1_397' title='bbox 2978 4152 2989 4183; x_wconf 73' lang='grc' dir='ltr'><strong><em>ε</em></strong></span> <span class='ocrx_word' id='word_1_398' title='bbox 3047 4134 3258 4185; x_wconf 76' lang='lat' dir='ltr'>infantes</span> <span class='ocrx_word' id='word_1_399' title='bbox 3302 4136 3365 4199; x_wconf 91' lang='lat' dir='ltr'><strong>Q.</strong></span> <span class='ocrx_word' id='word_1_400' title='bbox 3451 4145 3558 4187; x_wconf 85' lang='lat' dir='ltr'>erat</span> <span class='ocrx_word' id='word_1_401' title='bbox 3602 4137 3737 4188; x_wconf 81' lang='grc' dir='ltr'><strong>ΥΖ*.</strong></span> 
     </span>
     <span class='ocr_line' id='line_1_58' title="bbox 2335 4212 3740 4281; baseline 0.004 -19"><span class='ocrx_word' id='word_1_402' title='bbox 2335 4216 2623 4263; x_wconf 78' lang='lat' dir='ltr'>bethleem</span> <span class='ocrx_word' id='word_1_403' title='bbox 2647 4230 2657 4263; x_wconf 93' lang='lat'><strong>:</strong></span> <span class='ocrx_word' id='word_1_404' title='bbox 2692 4212 2916 4264; x_wconf 86' lang='lat' dir='ltr'>bethlem</span> <span class='ocrx_word' id='word_1_405' title='bbox 2941 4213 3149 4274; x_wconf 92' lang='lat' dir='ltr'><strong>DLRT,</strong></span> <span class='ocrx_word' id='word_1_406' title='bbox 3181 4215 3463 4265; x_wconf 86' lang='lat' dir='ltr'>bethlehem</span> <span class='ocrx_word' id='word_1_407' title='bbox 3485 4231 3565 4281; x_wconf 76' lang='lat' dir='ltr'>vg.</span> <span class='ocrx_word' id='word_1_408' title='bbox 3619 4218 3740 4267; x_wconf 83' lang='lat' dir='ltr'>Post</span> 
     </span>
     <span class='ocr_line' id='line_1_59' title="bbox 2334 4292 3734 4357; baseline 0.002 -15"><span class='ocrx_word' id='word_1_409' title='bbox 2334 4292 2470 4342; x_wconf 85' lang='lat' dir='ltr'>beth.</span> <span class='ocrx_word' id='word_1_410' title='bbox 2493 4307 2587 4341; x_wconf 83' lang='lat' dir='ltr'>om.</span> <span class='ocrx_word' id='word_1_411' title='bbox 2610 4298 2670 4341; x_wconf 78' lang='lat' dir='ltr'>et</span> <span class='ocrx_word' id='word_1_412' title='bbox 2687 4293 2752 4342; x_wconf 88' lang='lat' dir='ltr'>X.</span> <span class='ocrx_word' id='word_1_413' title='bbox 2819 4295 3063 4342; x_wconf 74' lang='lat' dir='ltr'>finibus:</span> <span class='ocrx_word' id='word_1_414' title='bbox 3101 4294 3386 4357; x_wconf 86' lang='lat' dir='ltr'>regionibus</span> <span class='ocrx_word' id='word_1_415' title='bbox 3404 4294 3467 4343; x_wconf 88' lang='lat' dir='ltr'>R.</span> <span class='ocrx_word' id='word_1_416' title='bbox 3535 4311 3734 4345; x_wconf 85' lang='lat' dir='ltr'>saecun-</span> 
     </span>
     <span class='ocr_line' id='line_1_60' title="bbox 2334 4369 3733 4439; baseline 0.003 -21"><span class='ocrx_word' id='word_1_417' title='bbox 2334 4369 2457 4418; x_wconf 90' lang='lat' dir='ltr'>dum</span> <span class='ocrx_word' id='word_1_418' title='bbox 2482 4371 2544 4433; x_wconf 89' lang='lat' dir='ltr'><strong>Q.</strong></span> <span class='ocrx_word' id='word_1_419' title='bbox 2600 4376 2824 4428; x_wconf 73' lang='lat' dir='ltr'>tempus</span> <span class='ocrx_word' id='word_1_420' title='bbox 2840 4384 2878 4421; x_wconf 67' lang='lat'>4-</span> <span class='ocrx_word' id='word_1_421' title='bbox 2892 4371 3067 4421; x_wconf 85' lang='lat' dir='ltr'>stellae</span> <span class='ocrx_word' id='word_1_422' title='bbox 3083 4372 3131 4421; x_wconf 91' lang='lat' dir='ltr'><strong>T</strong></span> <span class='ocrx_word' id='word_1_423' title='bbox 3148 4387 3213 4423; x_wconf 87' lang='lat' dir='ltr'>m.</span> <span class='ocrx_word' id='word_1_424' title='bbox 3235 4388 3328 4423; x_wconf 83' lang='lat' dir='ltr'>rec.</span> <span class='ocrx_word' id='word_1_425' title='bbox 3385 4375 3652 4439; x_wconf 78' lang='lat' dir='ltr'>exquisirat</span> <span class='ocrx_word' id='word_1_426' title='bbox 3672 4374 3733 4433; x_wconf 93' lang='lat' dir='ltr'>L,</span> 
     </span>
     <span class='ocr_line' id='line_1_61' title="bbox 2333 4449 2756 4511; baseline 0.005 -15"><span class='ocrx_word' id='word_1_427' title='bbox 2333 4449 2666 4511; x_wconf 82' lang='lat' dir='ltr'>exquessierat</span> <span class='ocrx_word' id='word_1_428' title='bbox 2690 4450 2756 4498; x_wconf 91' lang='lat' dir='ltr'><strong>D.</strong></span> 
     </span>
    </p>
   </div>
   <div class='ocr_carea' id='block_1_8' title="bbox 722 4527 2130 5532">
    <p class='ocr_par' dir='ltr' id='par_1_11' title="bbox 724 4527 2129 4736">
     <span class='ocr_line' id='line_1_62' title="bbox 728 4527 2129 4592; baseline -0.004 -12"><span class='ocrx_word' id='word_1_429' title='bbox 728 4530 930 4580; x_wconf 85' lang='lat' dir='ltr'>herodis</span> <span class='ocrx_word' id='word_1_430' title='bbox 950 4530 1110 4589; x_wconf 88' lang='lat' dir='ltr'><strong>LOR,</strong></span> <span class='ocrx_word' id='word_1_431' title='bbox 1133 4528 1297 4578; x_wconf 86' lang='lat' dir='ltr'>erodis</span> <span class='ocrx_word' id='word_1_432' title='bbox 1319 4530 1386 4578; x_wconf 93' lang='lat' dir='ltr'><strong>D.</strong></span> <span class='ocrx_word' id='word_1_433' title='bbox 1454 4536 1626 4592; x_wconf 81' lang='lat' dir='ltr'>querat</span> <span class='ocrx_word' id='word_1_434' title='bbox 1645 4527 1823 4577; x_wconf 84' lang='lat' dir='ltr'><strong>ERW.</strong></span> <span class='ocrx_word' id='word_1_435' title='bbox 1888 4541 2129 4585; x_wconf 79' lang='lat' dir='ltr'>puerum</span> 
     </span>
     <span class='ocr_line' id='line_1_63' title="bbox 740 4606 2127 4672; baseline -0.004 -13"><span class='ocrx_word' id='word_1_436' title='bbox 740 4608 947 4659; x_wconf 78' lang='lat' dir='ltr'>÷istum</span> <span class='ocrx_word' id='word_1_437' title='bbox 970 4608 1163 4671; x_wconf 90' lang='lat' dir='ltr'><strong>DELQ</strong></span> <span class='ocrx_word' id='word_1_438' title='bbox 1194 4608 1260 4657; x_wconf 86' lang='lat' dir='ltr'><strong>B.</strong></span> <span class='ocrx_word' id='word_1_439' title='bbox 1286 4608 1364 4656; x_wconf 89' lang='lat' dir='ltr'><strong>M.</strong></span> <span class='ocrx_word' id='word_1_440' title='bbox 1389 4606 1510 4672; x_wconf 80' lang='lat' dir='ltr'>Reg.</span> <span class='ocrx_word' id='word_1_441' title='bbox 1539 4620 1560 4655; x_wconf 93' lang='lat'><strong>1</strong></span> <span class='ocrx_word' id='word_1_442' title='bbox 1589 4607 1653 4655; x_wconf 87' lang='lat' dir='ltr'><strong>A.</strong></span> <span class='ocrx_word' id='word_1_443' title='bbox 1682 4606 1819 4655; x_wconf 86' lang='lat' dir='ltr'>xviii.</span> <span class='ocrx_word' id='word_1_444' title='bbox 1902 4608 1977 4654; x_wconf 76' lang='lat' dir='ltr'>ad</span> <span class='ocrx_word' id='word_1_445' title='bbox 2007 4620 2127 4662; x_wconf 78' lang='lat' dir='ltr'>per-</span> 
     </span>
     <span class='ocr_line' id='line_1_64' title="bbox 724 4685 1329 4736; baseline -0.005 0"><span class='ocrx_word' id='word_1_446' title='bbox 724 4690 979 4736; x_wconf 82' lang='lat' dir='ltr'>dendum</span> <span class='ocrx_word' id='word_1_447' title='bbox 1000 4701 1095 4735; x_wconf 85' lang='lat' dir='ltr'>om.</span> <span class='ocrx_word' id='word_1_448' title='bbox 1118 4700 1247 4735; x_wconf 83' lang='lat' dir='ltr'>eum</span> <span class='ocrx_word' id='word_1_449' title='bbox 1271 4685 1329 4734; x_wconf 91' lang='lat' dir='ltr'><strong>L.</strong></span> 
     </span>
    </p>

    <p class='ocr_par' dir='ltr' id='par_1_12' title="bbox 724 4760 2129 5064">
     <span class='ocr_line' id='line_1_65' title="bbox 800 4760 2126 4829; baseline -0.002 -16"><span class='ocrx_word' id='word_1_450' title='bbox 800 4778 875 4828; x_wconf 85' lang='lat'><strong>14.</strong></span> <span class='ocrx_word' id='word_1_451' title='bbox 910 4764 1096 4829; x_wconf 82' lang='lat' dir='ltr'>accipit</span> <span class='ocrx_word' id='word_1_452' title='bbox 1134 4762 1397 4828; x_wconf 77' lang='lat' dir='ltr'><strong>E*L*QR.</strong></span> <span class='ocrx_word' id='word_1_453' title='bbox 1466 4768 1706 4813; x_wconf 73' lang='lat' dir='ltr'>matrem</span> <span class='ocrx_word' id='word_1_454' title='bbox 1735 4776 1830 4811; x_wconf 86' lang='lat' dir='ltr'>om.</span> <span class='ocrx_word' id='word_1_455' title='bbox 1863 4765 1986 4810; x_wconf 79' lang='lat' dir='ltr'>eius</span> <span class='ocrx_word' id='word_1_456' title='bbox 2019 4760 2126 4811; x_wconf 91' lang='lat' dir='ltr'><strong>LR.</strong></span> 
     </span>
     <span class='ocr_line' id='line_1_66' title="bbox 724 4839 2129 4906; baseline -0.004 -13"><span class='ocrx_word' id='word_1_457' title='bbox 724 4846 996 4893; x_wconf 71' lang='lat' dir='ltr'>recessit:</span> <span class='ocrx_word' id='word_1_458' title='bbox 1030 4842 1231 4893; x_wconf 74' lang='lat' dir='ltr'>secessit</span> <span class='ocrx_word' id='word_1_459' title='bbox 1264 4843 1352 4892; x_wconf 83' lang='lat' dir='ltr'>DJ</span> <span class='ocrx_word' id='word_1_460' title='bbox 1356 4841 1517 4891; x_wconf 90' lang='lat' dir='ltr'>LRW</span> <span class='ocrx_word' id='word_1_461' title='bbox 1540 4856 1619 4905; x_wconf 78' lang='lat' dir='ltr'>vg.</span> <span class='ocrx_word' id='word_1_462' title='bbox 1658 4840 1727 4906; x_wconf 81' lang='lat' dir='ltr'>[et</span> <span class='ocrx_word' id='word_1_463' title='bbox 1752 4841 1957 4890; x_wconf 82' lang='lat' dir='ltr'>Bentlei</span> <span class='ocrx_word' id='word_1_464' title='bbox 1987 4839 2129 4889; x_wconf 88' lang='lat' dir='ltr'>DEF</span> 
     </span>
     <span class='ocr_line' id='line_1_67' title="bbox 729 4917 2128 4987; baseline -0.004 -16"><span class='ocrx_word' id='word_1_465' title='bbox 729 4920 933 4986; x_wconf 60' lang='lat' dir='ltr'>OWQL</span> <span class='ocrx_word' id='word_1_466' title='bbox 962 4920 1120 4987; x_wconf 83' lang='lat' dir='ltr'>surgit</span> <span class='ocrx_word' id='word_1_467' title='bbox 1153 4921 1197 4969; x_wconf 87' lang='lat' dir='ltr'>E</span> <span class='ocrx_word' id='word_1_468' title='bbox 1215 4937 1231 4981; x_wconf 68' lang='grc' dir='ltr'>ς</span> <span class='ocrx_word' id='word_1_469' title='bbox 1275 4926 1322 4969; x_wconf 88' lang='lat' dir='ltr'>-t</span> <span class='ocrx_word' id='word_1_470' title='bbox 1353 4920 1410 4969; x_wconf 77' lang='lat' dir='ltr'>in</span> <span class='ocrx_word' id='word_1_471' title='bbox 1441 4935 1543 4969; x_wconf 81' lang='lat' dir='ltr'>ras.</span> <span class='ocrx_word' id='word_1_472' title='bbox 1569 4919 1634 4968; x_wconf 80' lang='lat' dir='ltr'><strong>K.</strong></span> <span class='ocrx_word' id='word_1_473' title='bbox 1702 4918 1958 4983; x_wconf 76' lang='lat' dir='ltr'>aegiptum</span> <span class='ocrx_word' id='word_1_474' title='bbox 1991 4917 2128 4967; x_wconf 87' lang='lat' dir='ltr'>ELT</span> 
     </span>
     <span class='ocr_line' id='line_1_68' title="bbox 732 4998 1981 5064; baseline -0.003 -15"><span class='ocrx_word' id='word_1_475' title='bbox 732 5002 857 5064; x_wconf 78' lang='lat' dir='ltr'>(non</span> <span class='ocrx_word' id='word_1_476' title='bbox 881 5000 971 5063; x_wconf 90' lang='lat' dir='ltr'>R),</span> <span class='ocrx_word' id='word_1_477' title='bbox 994 5006 1230 5064; x_wconf 79' lang='lat' dir='ltr'>aegytum</span> <span class='ocrx_word' id='word_1_478' title='bbox 1252 4999 1318 5059; x_wconf 87' lang='lat' dir='ltr'>Y,</span> <span class='ocrx_word' id='word_1_479' title='bbox 1341 4999 1566 5063; x_wconf 85' lang='lat' dir='ltr'>egiptum</span> <span class='ocrx_word' id='word_1_480' title='bbox 1585 4998 1668 5057; x_wconf 89' lang='lat' dir='ltr'>W,</span> <span class='ocrx_word' id='word_1_481' title='bbox 1689 5005 1906 5062; x_wconf 82' lang='lat' dir='ltr'>aegypto</span> <span class='ocrx_word' id='word_1_482' title='bbox 1926 4998 1981 5048; x_wconf 89' lang='lat' dir='ltr'><strong>J.</strong></span> 
     </span>
    </p>

    <p class='ocr_par' dir='ltr' id='par_1_13' title="bbox 730 5076 2130 5299">
     <span class='ocr_line' id='line_1_69' title="bbox 800 5076 2130 5143; baseline -0.002 -15"><span class='ocrx_word' id='word_1_483' title='bbox 800 5092 876 5142; x_wconf 83' lang='lat'><strong>15.</strong></span> <span class='ocrx_word' id='word_1_484' title='bbox 909 5078 1098 5143; x_wconf 80' lang='lat' dir='ltr'>busque</span> <span class='ocrx_word' id='word_1_485' title='bbox 1123 5116 1136 5128; x_wconf 88' lang='lat'><strong>.</strong></span> <span class='ocrx_word' id='word_1_486' title='bbox 1161 5116 1174 5128; x_wconf 95' lang='lat'><strong>.</strong></span> <span class='ocrx_word' id='word_1_487' title='bbox 1200 5077 1428 5126; x_wconf 88' lang='lat' dir='ltr'>hobitum</span> <span class='ocrx_word' id='word_1_488' title='bbox 1459 5076 1520 5127; x_wconf 92' lang='lat' dir='ltr'><strong>C.</strong></span> <span class='ocrx_word' id='word_1_489' title='bbox 1584 5076 1751 5126; x_wconf 88' lang='lat' dir='ltr'>erodis</span> <span class='ocrx_word' id='word_1_490' title='bbox 1776 5076 1891 5137; x_wconf 89' lang='lat' dir='ltr'>DT,</span> <span class='ocrx_word' id='word_1_491' title='bbox 1921 5076 2130 5126; x_wconf 85' lang='lat' dir='ltr'>herodes</span> 
     </span>
     <span class='ocr_line' id='line_1_70' title="bbox 730 5153 2127 5220; baseline -0.001 -16"><span class='ocrx_word' id='word_1_492' title='bbox 730 5155 833 5205; x_wconf 80' lang='lat' dir='ltr'><strong>H*.</strong></span> <span class='ocrx_word' id='word_1_493' title='bbox 901 5155 1240 5220; x_wconf 82' lang='lat' dir='ltr'>adinpleretur</span> <span class='ocrx_word' id='word_1_494' title='bbox 1271 5153 1479 5205; x_wconf 92' lang='lat' dir='ltr'><strong>CDLR.</strong></span> <span class='ocrx_word' id='word_1_495' title='bbox 1546 5169 1582 5203; x_wconf 81' lang='lat' dir='ltr'>a.</span> <span class='ocrx_word' id='word_1_496' title='bbox 1617 5157 1850 5203; x_wconf 77' lang='lat' dir='ltr'>domino</span> <span class='ocrx_word' id='word_1_497' title='bbox 1887 5169 1981 5202; x_wconf 82' lang='lat' dir='ltr'>om.</span> <span class='ocrx_word' id='word_1_498' title='bbox 2024 5153 2127 5203; x_wconf 88' lang='lat' dir='ltr'><strong>EL.</strong></span> 
     </span>
     <span class='ocr_line' id='line_1_71' title="bbox 730 5230 2126 5299; baseline -0.003 -15"><span class='ocrx_word' id='word_1_499' title='bbox 730 5234 1037 5299; x_wconf 77' lang='lat' dir='ltr'>pros.DLR.</span> <span class='ocrx_word' id='word_1_500' title='bbox 1096 5235 1302 5298; x_wconf 80' lang='lat' dir='ltr'>aegipto</span> <span class='ocrx_word' id='word_1_501' title='bbox 1317 5232 1521 5292; x_wconf 89' lang='lat' dir='ltr'><strong>DELT,</strong></span> <span class='ocrx_word' id='word_1_502' title='bbox 1545 5233 1718 5297; x_wconf 86' lang='lat' dir='ltr'>egipto</span> <span class='ocrx_word' id='word_1_503' title='bbox 1733 5232 1814 5280; x_wconf 90' lang='lat' dir='ltr'><strong>W.</strong></span> <span class='ocrx_word' id='word_1_504' title='bbox 1868 5231 2046 5281; x_wconf 85' lang='lat' dir='ltr'>uocabi</span> <span class='ocrx_word' id='word_1_505' title='bbox 2064 5230 2126 5280; x_wconf 91' lang='lat' dir='ltr'><strong>T.</strong></span> 
     </span>
    </p>

    <p class='ocr_par' dir='ltr' id='par_1_14' title="bbox 722 5308 2128 5532">
     <span class='ocr_line' id='line_1_72' title="bbox 801 5308 2128 5375; baseline -0.002 -16"><span class='ocrx_word' id='word_1_506' title='bbox 801 5309 878 5362; x_wconf 89' lang='lat'><strong>16.</strong></span> <span class='ocrx_word' id='word_1_507' title='bbox 913 5312 1115 5362; x_wconf 79' lang='lat' dir='ltr'>herodis</span> <span class='ocrx_word' id='word_1_508' title='bbox 1147 5311 1335 5375; x_wconf 76' lang='lat' dir='ltr'><strong>L*QR,</strong></span> <span class='ocrx_word' id='word_1_509' title='bbox 1373 5311 1540 5361; x_wconf 86' lang='lat' dir='ltr'>erodis</span> <span class='ocrx_word' id='word_1_510' title='bbox 1572 5312 1640 5361; x_wconf 89' lang='lat' dir='ltr'><strong>D.</strong></span> <span class='ocrx_word' id='word_1_511' title='bbox 1711 5308 1953 5360; x_wconf 88' lang='lat' dir='ltr'>herodens</span> <span class='ocrx_word' id='word_1_512' title='bbox 1982 5310 2128 5373; x_wconf 78' lang='lat' dir='ltr'>lapsu</span> 
     </span>
     <span class='ocr_line' id='line_1_73' title="bbox 722 5389 2126 5455; baseline -0.001 -17"><span class='ocrx_word' id='word_1_513' title='bbox 722 5397 821 5455; x_wconf 77' lang='lat' dir='ltr'>pro</span> <span class='ocrx_word' id='word_1_514' title='bbox 839 5393 1083 5440; x_wconf 75' lang='lat' dir='ltr'>herode·</span> <span class='ocrx_word' id='word_1_515' title='bbox 1105 5393 1309 5439; x_wconf 66' lang='lat' dir='ltr'>uidens</span> <span class='ocrx_word' id='word_1_516' title='bbox 1326 5390 1386 5439; x_wconf 89' lang='lat' dir='ltr'><strong>C.</strong></span> <span class='ocrx_word' id='word_1_517' title='bbox 1453 5392 1725 5448; x_wconf 72' lang='lat' dir='ltr'>quoniam</span> <span class='ocrx_word' id='word_1_518' title='bbox 1738 5389 1892 5440; x_wconf 79' lang='lat' dir='ltr'>÷iam</span> <span class='ocrx_word' id='word_1_519' title='bbox 1907 5390 1974 5437; x_wconf 94' lang='lat' dir='ltr'><strong>D.</strong></span> <span class='ocrx_word' id='word_1_520' title='bbox 2042 5391 2126 5437; x_wconf 82' lang='lat' dir='ltr'>in-</span> 
     </span>
     <span class='ocr_line' id='line_1_74' title="bbox 730 5467 2125 5532; baseline -0.001 -16"><span class='ocrx_word' id='word_1_521' title='bbox 730 5472 891 5518; x_wconf 72' lang='lat' dir='ltr'>lusus</span> <span class='ocrx_word' id='word_1_522' title='bbox 909 5468 1074 5520; x_wconf 55' lang='grc' dir='ltr'>τράφε</span> <span class='ocrx_word' id='word_1_523' title='bbox 1106 5467 1479 5532; x_wconf 81' lang='lat' dir='ltr'>illususzg.,</span> <span class='ocrx_word' id='word_1_524' title='bbox 1502 5467 1714 5517; x_wconf 73' lang='lat' dir='ltr'>inlussus</span> <span class='ocrx_word' id='word_1_525' title='bbox 1730 5467 1792 5526; x_wconf 89' lang='lat' dir='ltr'>R,</span> <span class='ocrx_word' id='word_1_526' title='bbox 1819 5467 2041 5516; x_wconf 85' lang='lat' dir='ltr'>delussus</span> <span class='ocrx_word' id='word_1_527' title='bbox 2065 5467 2125 5527; x_wconf 91' lang='lat' dir='ltr'>L,</span> 
     </span>
    </p>
   </div>
   <div class='ocr_carea' id='block_1_9' title="bbox 2330 4526 3737 5530">
    <p class='ocr_par' dir='ltr' id='par_1_15' title="bbox 2331 4526 3737 4825">
     <span class='ocr_line' id='line_1_75' title="bbox 2406 4526 3737 4591; baseline 0.005 -17"><span class='ocrx_word' id='word_1_528' title='bbox 2406 4537 2483 4589; x_wconf 87' lang='lat'><strong>17.</strong></span> <span class='ocrx_word' id='word_1_529' title='bbox 2521 4526 2708 4591; x_wconf 79' lang='lat' dir='ltr'>adinpl.</span> <span class='ocrx_word' id='word_1_530' title='bbox 2734 4526 2936 4577; x_wconf 90' lang='lat' dir='ltr'><strong>CLRY.</strong></span> <span class='ocrx_word' id='word_1_531' title='bbox 3003 4530 3338 4579; x_wconf 64' lang='lat' dir='ltr'>hieremiam</span> <span class='ocrx_word' id='word_1_532' title='bbox 3367 4545 3480 4577; x_wconf 84' lang='lat' dir='ltr'>cum</span> <span class='ocrx_word' id='word_1_533' title='bbox 3513 4530 3737 4580; x_wconf 63' lang='lat' dir='ltr'><strong>ABFQ?</strong></span> 
     </span>
     <span class='ocr_line' id='line_1_76' title="bbox 2331 4602 3736 4667; baseline 0.004 -14"><span class='ocrx_word' id='word_1_534' title='bbox 2331 4604 2368 4653; x_wconf 85' lang='lat' dir='ltr'><strong>J</strong></span> <span class='ocrx_word' id='word_1_535' title='bbox 2379 4602 2771 4654; x_wconf 76' lang='lat' dir='ltr'><strong>KMUVXYZ:</strong></span> <span class='ocrx_word' id='word_1_536' title='bbox 2818 4603 3101 4654; x_wconf 87' lang='lat' dir='ltr'>hierimiam</span> <span class='ocrx_word' id='word_1_537' title='bbox 3138 4605 3256 4667; x_wconf 81' lang='grc' dir='ltr'>ΕΗ,</span> <span class='ocrx_word' id='word_1_538' title='bbox 3298 4606 3586 4657; x_wconf 83' lang='lat' dir='ltr'>iheremiam</span> <span class='ocrx_word' id='word_1_539' title='bbox 3625 4609 3736 4666; x_wconf 84' lang='lat' dir='ltr'><strong>CT.</strong></span> 
     </span>
     <span class='ocr_line' id='line_1_77' title="bbox 2333 4681 3734 4749; baseline 0.004 -19"><span class='ocrx_word' id='word_1_540' title='bbox 2333 4681 2606 4731; x_wconf 87' lang='lat' dir='ltr'>heremiam</span> <span class='ocrx_word' id='word_1_541' title='bbox 2642 4682 2706 4744; x_wconf 89' lang='lat' dir='ltr'>Q,</span> <span class='ocrx_word' id='word_1_542' title='bbox 2740 4682 3004 4731; x_wconf 87' lang='lat' dir='ltr'>herimiam</span> <span class='ocrx_word' id='word_1_543' title='bbox 3036 4683 3096 4743; x_wconf 91' lang='lat' dir='ltr'>L,</span> <span class='ocrx_word' id='word_1_544' title='bbox 3131 4684 3386 4733; x_wconf 82' lang='lat' dir='ltr'>hirimiam</span> <span class='ocrx_word' id='word_1_545' title='bbox 3420 4685 3482 4746; x_wconf 87' lang='lat' dir='ltr'>R,</span> <span class='ocrx_word' id='word_1_546' title='bbox 3515 4685 3633 4735; x_wconf 73' lang='lat' dir='ltr'>here</span> <span class='ocrx_word' id='word_1_547' title='bbox 3665 4689 3734 4749; x_wconf 89' lang='lat' dir='ltr'>D,</span> 
     </span>
     <span class='ocr_line' id='line_1_78' title="bbox 2332 4759 3153 4825; baseline 0.005 -18"><span class='ocrx_word' id='word_1_548' title='bbox 2332 4759 2590 4810; x_wconf 87' lang='lat' dir='ltr'>ieremiam</span> <span class='ocrx_word' id='word_1_549' title='bbox 2614 4760 2678 4809; x_wconf 90' lang='lat' dir='ltr'>W</span> <span class='ocrx_word' id='word_1_550' title='bbox 2698 4776 2777 4823; x_wconf 81' lang='lat' dir='ltr'>vg.</span> <span class='ocrx_word' id='word_1_551' title='bbox 2844 4760 2969 4825; x_wconf 82' lang='lat' dir='ltr'>prof.</span> <span class='ocrx_word' id='word_1_552' title='bbox 2996 4762 3153 4811; x_wconf 86' lang='lat' dir='ltr'><strong>DLR.</strong></span> 
     </span>
    </p>

    <p class='ocr_par' dir='ltr' id='par_1_16' title="bbox 2330 4839 3504 4983">
     <span class='ocr_line' id='line_1_79' title="bbox 2403 4839 3437 4892; baseline 0.004 -6"><span class='ocrx_word' id='word_1_553' title='bbox 2403 4840 2478 4888; x_wconf 88' lang='lat'><strong>18.</strong></span> <span class='ocrx_word' id='word_1_554' title='bbox 2513 4853 2701 4888; x_wconf 74' lang='lat' dir='ltr'>ram:</span> <span class='ocrx_word' id='word_1_555' title='bbox 2748 4839 2924 4889; x_wconf 85' lang='lat' dir='ltr'>rhama</span> <span class='ocrx_word' id='word_1_556' title='bbox 2963 4840 3019 4888; x_wconf 90' lang='lat' dir='ltr'><strong>B.</strong></span> <span class='ocrx_word' id='word_1_557' title='bbox 3097 4840 3351 4890; x_wconf 85' lang='lat' dir='ltr'>hululatus</span> <span class='ocrx_word' id='word_1_558' title='bbox 3378 4843 3437 4892; x_wconf 92' lang='lat' dir='ltr'><strong>C.</strong></span> 
     </span>
     <span class='ocr_line' id='line_1_80' title="bbox 2330 4916 3504 4983; baseline 0.003 -17"><span class='ocrx_word' id='word_1_559' title='bbox 2330 4917 2533 4967; x_wconf 85' lang='lat' dir='ltr'>racheal</span> <span class='ocrx_word' id='word_1_560' title='bbox 2559 4917 2617 4978; x_wconf 87' lang='lat' dir='ltr'>L,</span> <span class='ocrx_word' id='word_1_561' title='bbox 2642 4916 2772 4966; x_wconf 83' lang='lat' dir='ltr'>racel</span> <span class='ocrx_word' id='word_1_562' title='bbox 2797 4917 2859 4967; x_wconf 88' lang='lat' dir='ltr'><strong>T.</strong></span> <span class='ocrx_word' id='word_1_563' title='bbox 2927 4918 3174 4968; x_wconf 86' lang='lat' dir='ltr'>consulari</span> <span class='ocrx_word' id='word_1_564' title='bbox 3199 4919 3504 4983; x_wconf 87' lang='lat' dir='ltr'><strong>DELQRY.</strong></span> 
     </span>
    </p>

    <p class='ocr_par' dir='ltr' id='par_1_17' title="bbox 2331 4994 3735 5373">
     <span class='ocr_line' id='line_1_81' title="bbox 2402 4994 3733 5059; baseline 0.005 -16"><span class='ocrx_word' id='word_1_565' title='bbox 2402 5010 2476 5059; x_wconf 90' lang='lat'><strong>19.</strong></span> <span class='ocrx_word' id='word_1_566' title='bbox 2510 4994 2657 5044; x_wconf 89' lang='lat' dir='ltr'>erode</span> <span class='ocrx_word' id='word_1_567' title='bbox 2691 4995 2758 5045; x_wconf 92' lang='lat' dir='ltr'><strong>D.</strong></span> <span class='ocrx_word' id='word_1_568' title='bbox 2827 5001 3089 5053; x_wconf 74' lang='lat' dir='ltr'>apparuit.</span> <span class='ocrx_word' id='word_1_569' title='bbox 3122 5001 3356 5055; x_wconf 64' lang='lat' dir='ltr'>angelus</span> <span class='ocrx_word' id='word_1_570' title='bbox 3378 5002 3597 5049; x_wconf 63' lang='lat' dir='ltr'>domini</span> <span class='ocrx_word' id='word_1_571' title='bbox 3618 5017 3733 5049; x_wconf 85' lang='lat' dir='ltr'>cum</span> 
     </span>
     <span class='ocr_line' id='line_1_82' title="bbox 2332 5072 3735 5142; baseline 0.004 -20"><span class='ocrx_word' id='word_1_572' title='bbox 2332 5074 2426 5123; x_wconf 88' lang='lat' dir='ltr'>AC</span> <span class='ocrx_word' id='word_1_573' title='bbox 2441 5072 2638 5136; x_wconf 86' lang='lat' dir='ltr'>(hang.)</span> <span class='ocrx_word' id='word_1_574' title='bbox 2665 5073 3014 5136; x_wconf 83' lang='lat' dir='ltr'>D(angue1us)</span> <span class='ocrx_word' id='word_1_575' title='bbox 3039 5075 3127 5123; x_wconf 87' lang='lat' dir='ltr'>EF</span> <span class='ocrx_word' id='word_1_576' title='bbox 3133 5076 3272 5125; x_wconf 68' lang='grc' dir='ltr'>ΗΘῦ</span> <span class='ocrx_word' id='word_1_577' title='bbox 3279 5076 3444 5142; x_wconf 87' lang='lat' dir='ltr'>(adp.)</span> <span class='ocrx_word' id='word_1_578' title='bbox 3471 5077 3735 5142; x_wconf 77' lang='lat' dir='ltr'><strong>KLM&#39;QT</strong></span> 
     </span>
     <span class='ocr_line' id='line_1_83' title="bbox 2331 5150 3730 5221; baseline 0.004 -20"><span class='ocrx_word' id='word_1_579' title='bbox 2331 5150 2563 5201; x_wconf 85' lang='lat' dir='ltr'>UVXY:</span> <span class='ocrx_word' id='word_1_580' title='bbox 2624 5156 2681 5205; x_wconf 94' lang='lat'>&gt;</span> <span class='ocrx_word' id='word_1_581' title='bbox 2714 5150 2923 5213; x_wconf 81' lang='lat' dir='ltr'>angelus</span> <span class='ocrx_word' id='word_1_582' title='bbox 2979 5152 3172 5201; x_wconf 88' lang='lat' dir='ltr'>domini</span> <span class='ocrx_word' id='word_1_583' title='bbox 3228 5156 3459 5219; x_wconf 84' lang='lat' dir='ltr'>apparuit</span> <span class='ocrx_word' id='word_1_584' title='bbox 3504 5156 3616 5205; x_wconf 85' lang='lat' dir='ltr'>Rw</span> <span class='ocrx_word' id='word_1_585' title='bbox 3652 5173 3730 5221; x_wconf 77' lang='lat' dir='ltr'>vg.</span> 
     </span>
     <span class='ocr_line' id='line_1_84' title="bbox 2342 5225 3732 5299; baseline 0.006 -22"><span class='ocrx_word' id='word_1_586' title='bbox 2342 5229 2503 5278; x_wconf 78' lang='lat' dir='ltr'>Tisch.</span> <span class='ocrx_word' id='word_1_587' title='bbox 2539 5228 2622 5292; x_wconf 72' lang='lat' dir='ltr'><strong>(cs.</strong></span> <span class='ocrx_word' id='word_1_588' title='bbox 2645 5225 2862 5290; x_wconf 73' lang='grc' dir='ltr'>ἅγγελος</span> <span class='ocrx_word' id='word_1_589' title='bbox 2890 5229 3053 5293; x_wconf 78' lang='grc' dir='ltr'><strong><em>κυρίου</em></strong></span> <span class='ocrx_word' id='word_1_590' title='bbox 3076 5229 3340 5294; x_wconf 76' lang='grc' dir='ltr'>φαίνεται).</span> <span class='ocrx_word' id='word_1_591' title='bbox 3403 5235 3627 5299; x_wconf 84' lang='lat' dir='ltr'>sompnis</span> <span class='ocrx_word' id='word_1_592' title='bbox 3649 5236 3732 5286; x_wconf 91' lang='lat' dir='ltr'><strong>W.</strong></span> 
     </span>
     <span class='ocr_line' id='line_1_85' title="bbox 2332 5306 3021 5373; baseline 0.006 -17"><span class='ocrx_word' id='word_1_593' title='bbox 2332 5309 2541 5373; x_wconf 87' lang='lat' dir='ltr'>aegipto</span> <span class='ocrx_word' id='word_1_594' title='bbox 2565 5307 2670 5367; x_wconf 90' lang='lat' dir='ltr'>LT,</span> <span class='ocrx_word' id='word_1_595' title='bbox 2695 5306 2869 5371; x_wconf 88' lang='lat' dir='ltr'>egipto</span> <span class='ocrx_word' id='word_1_596' title='bbox 2893 5310 3021 5360; x_wconf 88' lang='lat' dir='ltr'><strong>EW.</strong></span> 
     </span>
    </p>

    <p class='ocr_par' dir='ltr' id='par_1_18' title="bbox 2332 5387 3733 5530">
     <span class='ocr_line' id='line_1_86' title="bbox 2403 5387 3733 5451; baseline 0.007 -16"><span class='ocrx_word' id='word_1_597' title='bbox 2403 5401 2479 5438; x_wconf 72' lang='lat' dir='ltr'>so.</span> <span class='ocrx_word' id='word_1_598' title='bbox 2515 5389 2741 5450; x_wconf 75' lang='lat' dir='ltr'>israhel,</span> <span class='ocrx_word' id='word_1_599' title='bbox 2778 5387 2840 5451; x_wconf 63' lang='lat' dir='ltr'>cs:</span> <span class='ocrx_word' id='word_1_600' title='bbox 2874 5388 2946 5437; x_wconf 86' lang='lat' dir='ltr'>ad</span> <span class='ocrx_word' id='word_1_601' title='bbox 2973 5405 3102 5440; x_wconf 67' lang='lat' dir='ltr'>uem.</span> <span class='ocrx_word' id='word_1_602' title='bbox 3138 5388 3186 5439; x_wconf 91' lang='grc'>6.</span> <span class='ocrx_word' id='word_1_603' title='bbox 3253 5394 3650 5443; x_wconf 54' lang='lat' dir='ltr'>enim-boman</span> <span class='ocrx_word' id='word_1_604' title='bbox 3665 5393 3733 5444; x_wconf 89' lang='lat' dir='ltr'><strong>T.</strong></span> 
     </span>
     <span class='ocr_line' id='line_1_87' title="bbox 2332 5463 3410 5530; baseline 0.006 -16"><span class='ocrx_word' id='word_1_605' title='bbox 2332 5466 2603 5530; x_wconf 85' lang='lat' dir='ltr'>querebant</span> <span class='ocrx_word' id='word_1_606' title='bbox 2625 5467 3001 5519; x_wconf 86' lang='lat' dir='ltr'><strong>CDEHLRW.</strong></span> <span class='ocrx_word' id='word_1_607' title='bbox 3407 5463 3410 5466; x_wconf 44' lang='lat'>¹</span> 
     </span>
    </p>
   </div>
   <div class='ocr_carea' id='block_1_10' title="bbox 3510 4845 3732 4894">
    <p class='ocr_par' dir='ltr' id='par_1_19' title="bbox 3510 4845 3732 4894">
     <span class='ocr_line' id='line_1_88' title="bbox 3510 4845 3732 4894; baseline 0.009 -2"><span class='ocrx_word' id='word_1_608' title='bbox 3510 4845 3704 4893; x_wconf 71' lang='lat' dir='ltr'>rachel</span> <span class='ocrx_word' id='word_1_609' title='bbox 3719 4861 3732 4894; x_wconf 74' lang='grc' dir='ltr'><strong><em>ε</em></strong></span> 
     </span>
    </p>
   </div>
  </div>
 </body>
</html>
