4717 6400
1550 684 2043 751 PROLOGUS
2084 685 2214 747 EX
2266 686 2981 750 COMMENTARJO.
3693 708 3768 774 13

772 846 1351 945 Asiae'episcopis
1396 869 1462 924 et
1508 860 1866 924 multarum
1914 852 2335 924 ecclesiarum
2385 858 2853 943 legationibuS,
2898 861 2986 924 de
3025 858 3375 924 diuinitate
3405 859 3772 925 'saluatoris

767 965 967 1031 altius
998 966 1277 1030 scribere
1306 974 1376 1030 et
1403 966 1491 1029 ad
1524 964 1739 1047 ipsum
1773 972 1846 1027 ut
1878 962 1972 1028 ita
2019 964 2237 1028 dicam
2276 964 2386 1028 dei
2434 963 2710 1027 uerbum
2746 984 2879 1027 non
2920 973 3059 1027 tam
3101 964 3335 1029 audaci
3366 984 3568 1046 quam
3598 964 3769 1029 felici

765 1070 1146 1135 temeritate
1175 1089 1620 1153 prorumpere,
1652 1078 1727 1132 ut
1758 1067 2195 1132 ecclesiastica
2226 1077 2451 1132 narrat
2480 1068 2772 1145 historia,
2805 1088 2956 1131 cum
3002 1090 3042 1132 a
3085 1067 3395 1133 fratribus
3424 1078 3770 1151 cogeretur

768 1184 845 1238 ut
875 1175 1205 1251 scriberet,
1240 1175 1333 1239 ita
1362 1174 1692 1237 facturum
1725 1173 2140 1255 respondisse
2170 1171 2225 1235 si
2258 1171 2509 1238 indicto
2546 1172 2790 1236 ieiunio
2831 1172 2898 1235 in
2928 1193 3280 1251 commune
3310 1193 3538 1236 omnes
3568 1174 3770 1236 deum

767 1280 1279 1361 deprecarentur
1306 1302 1323 1354 ;
1351 1260 1519 1361 ‘quo
1581 1275 1856 1360 expleto
1904 1275 2310 1340 reuelatione
2369 1285 2706 1340 saturatus
2753 1277 2821 1338 in
2882 1275 3043 1341 illud
3102 1275 3524 1359 prohemium
3582 1274 3767 1342 caelo
3793 1284 3829 1348 ⁵,

767 1382 1038 1446 ueniens
1068 1382 1395 1447 eructauit
1443 1382 1521 1445 In
1560 1380 1888 1463 principio
1933 1389 2077 1444 erat
2109 1380 2409 1457 uerbum,
2438 1390 2507 1444 et
2538 1379 2813 1444 uerbum
2856 1390 2997 1444 erat
3027 1382 3206 1463 apud
3247 1382 3469 1459 deum,
3505 1389 3574 1444 et
3603 1382 3770 1445 deus

764 1487 909 1550 'erat
937 1485 1067 1551 hoc
1097 1486 1413 1550 uerbum:
1460 1485 1586 1550 hoc
1619 1492 1761 1548 erat
1791 1484 1857 1546 in
1889 1484 2215 1567 principio
2245 1486 2427 1567 apud
2459 1486 2681 1548 deum.
2774 1484 2966 1548 Haec
2999 1485 3196 1567 igitur
3225 1494 3542 1568 quattuor
3564 1505 3769 1549 euan-

764 1590 939 1672 gelia
971 1590 1255 1655 multum
1297 1599 1454 1654 ante
1491 1589 1833 1672 praedicta
1877 1587 2249 1652 Ezechielis
2291 1608 2561 1671 quoque
2605 1586 2917 1653 uolumen
2963 1589 3225 1671 probat,
3256 1589 3323 1651 in
3368 1608 3503 1671 quo
3546 1588 3768 1672 prima

765 1693 939 1759 uisio
971 1694 1064 1757 ita
1094 1695 1477 1758 contexitur
1508 1692 1602 1756 Et
1633 1692 1701 1755 in
1740 1690 1965 1769 ,medio
2004 1690 2177 1755 sicut
2213 1691 2583 1756 similitudo
2631 1701 2948 1774 quattuor
2982 1691 3383 1771 animalium,
3425 1701 3493 1756 et
3539 1691 3764 1757 uultus

764 1817 996 1861 eorum
1050 1797 1250 1862 facies
1302 1797 1592 1861 hominis
1629 1804 1698 1861 et
1739 1795 1937 1860 facies
1981 1792 2192 1858 leonis
2238 1805 2306 1859 et
2343 1795 2544 1860 facies
2588 1795 2778 1860 vituli
2824 1805 2892 1860 et
2938 1796 3132 1860 facies
3178 1796 3455 1878 aquilae.
3545 1795 3766 1860 Prima
3799 1807 3862 1842 10

762 1901 1051 1965 hominis
1100 1901 1302 1966 facies
1354 1899 1738 1965 Mattheum
1789 1897 2140 1982 significat,
2182 1899 2297 1982 qui
2333 1900 2525 1982 quasi
2573 1901 2659 1963 de
2705 1899 2976 1965 homine
3016 1919 3295 1964 exorsus
3340 1909 3441 1963 est
3485 1900 3767 1965 scribere

762 2005 971 2069 Liber
1000 2007 1445 2088 generationis
1487 2005 1636 2069 Iesu
1675 2002 1922 2067 Christi
1965 2001 2083 2066 filii
2122 2002 2346 2067 Dauid
2385 2004 2503 2068 filii
2548 2003 2918 2068 Abraham.
3011 2002 3320 2068 Secunda
3349 2003 3667 2082 Marcum,
3699 2005 3766 2067 in

760 2129 899 2192 quo
929 2131 1067 2173 uox
1097 2108 1308 2174 leonis
1339 2111 1403 2174 in
1433 2108 1702 2173 heremo
1729 2107 2049 2189 rugientis
2077 2108 2347 2171 auditur
2371 2108 2536 2173 on
2567 2106 2917 2174 clamantis
2948 2109 3014 2170 In
3040 2109 3305 2172 deserto
3331 2107 3570 2171 Parate
3587 2109 3766 2172 uiam

759 2214 1058 2291 domini,'
1088 2225 1301 2278 rectas
1350 2213 1545 2278 facite
1592 2212 1863 2275 semitas
1911 2210 2069 2274 eius.
2160 2210 2391 2295 Tertia
2436 2210 2648 2290 uituli,
2690 2232 2862 2294 quae
2910 2211 3385 2295 euangelistam
3430 2211 3683 2276 Lucam
3724 2233 3766 2276 a

759 2316 1081 2382 Zacharia
1111 2319 1457 2382 sacerdote
1502 2316 1816 2380 sumsisse
1859 2315 2122 2379 initium
2167 2310 2660 2398 praefigurauit.

2752 2315 3012 2397 Quarta
3053 2315 3423 2381 Iohannem
3456 2316 3765 2400 euangel-
3795 2329 3855 2380 15

760 2421 978 2495 istam,
1011 2421 1125 2504 qui
1158 2422 1484 2486 adsumtis
1515 2420 1738 2503 pinnis
1774 2417 2040 2500 aquilae
2076 2428 2145 2482 et
2184 2418 2272 2483 ad
2318 2417 2562 2484 altiora
2601 2420 2922 2484 festinans
2951 2422 3038 2485 de
3067 2421 3274 2484 uerbo
3304 2420 3415 2484 dei
3444 2419 3765 2504 disputat.

763 2523 1005 2589 Cetera
1053 2545 1225 2607 quae
1269 2534 1633 2609 sequuntur
1685 2524 1754 2586 in
1804 2523 2093 2587 eundem
2141 2541 2410 2586 sensum
2458 2505 2878 2606 proficiunt.'
2926 2523 3135 2588 Crura
3186 2543 3416 2588 eorum
3468 2534 3649 2588 recta
3698 2516 3768 2588 et

755 2628 1016 2713 pinnati
1046 2631 1266 2712 pedeS,
1310 2639 1379 2693 et
1424 2647 1847 2715 quocum-que
1889 2627 2159 2709 spiritus
2207 2626 2370 2704 ibat¹
2394 2626 2583 2691 ibant
2629 2638 2699 2692 et
2744 2648 2876 2692 non
2922 2628 3439 2704 reuertebantur‚
3471 2637 3542 2692 et
3572 2628 3766 2692 dorsa

757 2753 991 2797 eorum
1031 2732 1226 2818 plena
1270 2732 1494 2811 oculis,
1525 2743 1591 2797 et
1637 2729 1960 2796 scintillae
2004 2749 2082 2794 ac
2129 2729 2478 2812 lampades
2524 2732 2590 2795 in
2635 2733 2859 2796 medio
2903 2732 3363 2808 discurrentes,
3394 2741 3462 2795 et
3508 2742 3654 2796 rota
3696 2733 3763 2795 in

757 2846 925 2915 rota,
956 2847 1025 2901 et
1055 2839 1121 2902 in
1150 2838 1425 2921 singulis
1456 2845 1774 2919 quattuor
1801 2835 2024 2899 facies.
2117 2832 2320 2898 Unde
2352 2843 2421 2899 et
2450 2833 2870 2918 apocalypsis
2912 2835 3227 2899 Iohannis
3256 2844 3410 2918 post
3443 2835 3762 2919 expositi·
3792 2851 3857 2886 20

756 2961 956 3006 onem
988 2942 1221 3026 uiginti
1267 2950 1583 3024 quattuor
1628 2940 1987 3015 seniorum,
2017 2937 2130 3021 qui
2175 2945 2479 3003 tenentes
2522 2940 2806 3004 citharas
2851 2949 2919 3003 et
2962 2937 3150 3004 fialas
3192 2939 3474 3003 adorant
3515 2959 3762 3022 agnum

828 3256 873 3292 1.
905 3260 999 3294 om.
1024 3248 1177 3295 asiae
1199 3244 1264 3294 Y.
1329 3245 1595 3310 episcopus
1630 3245 1715 3295 Μ’.
1784 3244 2072 3295 eclesiarum
2095 3242 2159 3292 Θ.

754 3336 852 3372 om.
876 3325 947 3371 de
970 3322 1069 3371 AY
1100 3338 1218 3374 aur.
1285 3322 1598 3373 diuinitatem
1620 3339 1738 3374 aur.

828 3415 872 3449 2.
906 3402 1136 3451 iscribere
1158 3402 1221 3451 C.
1286 3401 1353 3451 ab
1376 3402 1542 3466 ipsum
1565 3418 1685 3451 aur.
1751 3400 1920 3451 foeliei
1940 3400 2001 3451 ς’.

825 3492 871 3540 3.
905 3484 1001 3528 ute
1050 3486 1103 3530 et
1131 3481 1302 3542 Hier„
1330 3489 1377 3530 et
1405 3481 1482 3530 ita
1515 3480 1791 3545 dili-tinguit
1828 3494 2163 3545 prorumpere.

755 3557 823 3607 Et
858 3557 1192 3610 ecclesiastica
1237 3566 1353 3619 etc.;
1400 3560 1517 3609 item
1557 3560 1723 3609 eadem
1771 3558 2088 3609 distincttbne
2116 3557 2165 3608 5·

755 3652 1094 3701 prorumpere.
1162 3637 1308 3688 Unde
1329 3645 1379 3688 et
1407 3637 1746 3688 ecclesiastiea
1773 3644 1860 3687 etc.
1889 3638 2025 3702 quod
2043 3653 2162 3687 auc·

753 3709 955 3759 tor-itate
986 3710 1115 3759 codd.
1139 3718 1220 3775 ap.
1249 3711 1381 3762 Uall.
1394 3712 1677 3778 firmatum
1710 3717 1791 3760 est.
1858 3709 2162 3761 eclesiastica

752 3787 818 3836 Θ.
888 3802 1043 3851 quum
1066 3788 1113 3837 Θ
1129 3788 1282 3839 Ηῖιν.
1347 3796 1547 3853 cogeret
1569 3789 1628 3840 E.

819 3881 871 3929 4.
903 3882 997 3916 om.
1031 3872 1098 3916 ut
1136 3868 1195 3916 E.
1263 3870 1537 3918 scriberet
1572 3881 1611 3921 -Ι-
1647 3883 1701 3920 se
1736 3866 1918 3924 Em,
1950 3868 2021 3929 (et
2045 3872 2163 3931 post

752 3944 999 3994 facturum
1020 3944 1069 3995 5·
1089 3944 1267 4009 Hier.)
1322 3946 1525 4011 geiunio
1548 3946 1612 3997 C.
1678 3960 1941 3996 commone
1962 3945 2027 3996 Y.
2099 3951 2155 4000 >

752 4021 843 4070 ἀῶ
867 4037 999 4071 omn.
1018 4037 1136 4074 aur.

821 4113 868 4164 5.
903 4104 1342 4158 deprecarentur
1386 4101 1639 4166 (depraec—
1685 4101 1751 4164 Β)
1800 4101 1933 4152 codd.
1975 4101 2119 4166 plur.
2141 4115 2155 4150 ε

751 4186 1064 4245 precarentur
1081 4178 1308 4229 ΗΘΚΜ·
1322 4181 1658 4243 aur.(praec·)
1677 4180 1951 4243 Hicr.(mg.
1970 4178 2158 4245 depr-).

750 4273 847 4323 que
889 4257 1089 4322 expleta
1132 4259 1192 4308 Ε.
1260 4261 1618 4317 prohemium
1662 4257 1912 4319 ACHM’5
1965 4273 2155 4322 proem.

751 4334 965 4384 BeeKY
996 4351 1132 4395 aur„
1164 4351 1385 4400 prooem.
1427 4334 1476 4385 5·
1510 4336 1691 4393 Hah-‚3
1741 4350 1930 4400 praem.
1956 4334 2087 4396 B*E,
2105 4349 2142 4382 -ι-

737 4428 782 4462 >e
802 4413 985 4474 KM'5',
1001 4428 1040 4466 -ι-
1054 4415 1117 4463 de
1140 4414 1200 4464 E.

816 4491 866 4542 6.
900 4493 1175 4541 eructuauit
1197 4493 1248 4542 Y
1267 4509 1385 4542 aur.
1450 4500 1574 4559 aput
1595 4510 1712 4544 aur.
1736 4501 1784 4544 et
1805 4494 1864 4543 in
1889 4503 1934 4558 7.

818 4578 865 4633 7.
898 4573 1007 4619 hoe
1022 4574 1263 4619 uerbum
1280 4570 1393 4620 AB:
1415 4587 1509 4620 om.
1528 4571 1626 4621 hoc
1639 4571 1959 4621 CEHKM’Y
1973 4585 2088 4620 aur.
2106 4569 2157 4620 ς’

748 4647 901 4697 Hier.
925 4653 986 4696 ut
1016 4648 1263 4697 concordet
1292 4664 1405 4697 cum
1440 4649 1550 4699 soh.
1586 4650 1618 4699 i.
1660 4663 1703 4698 1.
1798 4655 2011 4712 quatuor
2042 4647 2134 4698 13⁶5·
2136 4685 2150 4698 .

746 4724 1040 4788 aeuangelia
1063 4725 1125 4773 E.

815 4802 861 4851 8.
895 4806 1140 4852 multum
1163 4803 1379 4854 ABCY:
1415 4811 1492 4854 ·to
1514 4804 1788 4854 EHQKM·
1803 4820 1921 4856 aur.
1937 4804 1987 4855 ς’
2000 4804 2150 4857 Hier.

744 4883 1046 4934 ezechielis
1063 4881 1209 4931 AEY
1223 4898 1338 4932 aur.
1357 4882 1406 4933 5·
1425 4883 1594 4945 Hier„
1607 4891 1655 4934 et
1668 4883 1981 4934 hiezechielis
1999 4883 2148 4934 KM':

743 4959 1002 5011 ezecihelis
1023 4959 1081 5020 B,
1099 4960 1416 5011 hiezecihelis
1438 4962 1499 5012 C.

811 5053 859 5102 9.
894 5038 1050 5088 uissio
1065 5039 1125 5088 E.
1193 5055 1288 5090 om.
1315 5046 1503 5106 etpost
1521 5040 1798 5091 contexitur
1814 5041 1873 5092 C.
1924 5040 2069 5092 sicuti
2086 5041 2149 5102 C,

741 5131 839 5166 om.
861 5117 924 5168 θ’.
991 5125 1202 5184 quatuor
1222 5118 1331 5178 E‘s,
1352 5119 1528 5185 qnadt·
1551 5120 1612 5171 C.

818 5208 896 5244 ro.
925 5194 999 5244 ad
1008 5198 1232 5254 aquilae
1247 5197 1345 5246 inc.
1363 5198 1460 5247 cod.
1477 5198 1634 5247 Harl.
1654 5208 1779 5263 1775
1805 5195 1911 5262 (Z).

815 5286 892 5322 11.
927 5274 1181 5323 matheum
1211 5274 1354 5324 ΑΕΘ
1386 5291 1535 5337 aur.;
1582 5276 1886 5326 matthaeum
1917 5276 1967 5327 ς’
1996 5277 2149 5327 Hier.

740 5366 839 5403 m.
860 5356 1020 5402 matt.
1045 5355 1329 5410 signifieat
1351 5354 1415 5404 Y.
1480 5359 1608 5414 qui:
1645 5357 1765 5421 quia
1784 5356 1834 5405 A
1859 5358 2146 5421 (perperam

739 5430 827 5495 qui
858 5429 1043 5492 Tisch.)
1069 5431 1133 5481 Y.

814 5520 888 5560 12.
923 5508 982 5559 dc
1010 5511 1149 5558 Iesu
1170 5509 1277 5559 uid.
1306 5510 1491 5561 adm.
1515 5510 1549 5561 i.
1579 5523 1623 5561 1.
1719 5509 1790 5559 fili
1813 5510 1888 5559 bis
1917 5511 2010 5560 EY
2031 5527 2145 5562 aur.

2353 3243 2559 3293 abraam
2581 3244 2733 3294 Hier.
2759 3243 3027 3295 secundum
3050 3242 3159 3303 EY,
3190 3242 3434 3293 secundus
3457 3241 3524 3291 Z*
3549 3241 3659 3305 (-da
3682 3239 3763 3304 Z’)

2351 3336 2472 3373 aur.
2530 3338 2724 3372 marcus
2745 3321 2813 3371 Ζ*
2830 3322 2918 3372 sed
2932 3337 3060 3371 corr.
3119 3322 3171 3371 in
3190 3337 3290 3387 qua
3306 3319 3457 3370 ΒΗΘ·
3471 3320 3625 3370 Hier.
3647 3335 3745 3384 mg.

2422 3413 2500 3462 13.
2533 3416 2700 3450 eremo
2731 3399 2780 3450 5·
2812 3401 2985 3462 Hier„
3019 3399 3212 3449 herimo
3250 3415 3368 3449 aur.
3456 3399 3654 3449 auditus
3688 3399 3762 3450 H.

2349 3481 2413 3526 in
2436 3481 2690 3531 desem:
2726 3481 2777 3528 in
2799 3494 2966 3529 eremo
2987 3480 3139 3531 Hier.
3163 3494 3261 3542 mg.

2421 3571 2499 3621 14.
2533 3557 2741 3607 domino
2777 3573 2892 3607 aur.
2959 3572 3133 3616 quae:
3183 3572 3281 3621 qua
3311 3556 3376 3606 Y.
3455 3555 3761 3621 aeuangelis-

2346 3641 2454 3684 tam
2478 3635 2540 3685 E.
2606 3650 2701 3685 om.
2726 3651 2761 3685 a
2781 3633 3002 3685 EKMZ.

2418 3726 2496 3777 15.
2531 3713 2786 3764 zaccharia
2824 3713 2979 3764 CKZ.
3048 3712 3326 3763 zachariam
3357 3711 3667 3763 sacerdotem
3699 3712 3762 3762 E.

2346 3791 2616 3857 sumpsisse
2639 3791 2960 3855 Rem-inest>
2983 3806 3102 3841 aur.
3127 3789 3176 3840 5·
3193 3806 3209 3851 ;
3243 3790 3544 3840 summisisse
3567 3789 3635 3839 Z*
3659 3791 3767 3853 (sed

2345 3870 2417 3918 mi
2432 3870 2804 3934 improbatum).
2837 3873 3242 3929 praefigur-suit
3258 3867 3441 3917 ABYZ
3458 3884 3472 3928 3
3495 3875 3593 3918 -rat
3610 3868 3756 3918 CEH

2347 3946 2470 3996 ΚΜ
2490 3963 2607 3998 aur.
2630 3947 2680 3998 ς’
2698 3948 2852 3998 Hier.
2925 3953 3153 4013 quartam
3175 3947 3277 3996 BE.
3354 3945 3586 3997 ioannem
3606 3946 3758 3996 Hier.

2346 4026 2735 4090 aenangelistam
2757 4025 2817 4075 E.
3463 4053 3472 4064 ι

2416 4103 2493 4153 16.
2527 4108 2803 4154 adsumtis
2817 4104 3100 4155 Alorvzoet
3109 4120 3209 4154 ass-
3226 4103 3279 4153 K
3290 4103 3462 4153 Hier.:
3482 4101 3757 4168 adsumptis

2344 4181 2549 4232 BCEZ*
2569 4199 2703 4243 aur»,
2727 4198 2827 4233 ass·
2850 4182 2913 4234 ς’.
2980 4184 3153 4248 pennis
3177 4182 3345 4232 KM‘?
3359 4183 3510 4233 Hier.
3579 4198 3673 4232 ont.
3697 4188 3756 4232 et

2331 4267 2448 4325 post
2471 4260 2666 4325 aquilae
2690 4261 2760 4311 H.
2815 4264 3095 4311 festinans
3123 4261 3233 4311 sine
3257 4260 3371 4310 add.
3399 4260 3528 4310 codd.
3537 4262 3683 4325 plur.
3711 4268 3759 4310 et

2340 4338 2390 4389 ⁶5·
2411 4340 2592 4390 Hiera:
2625 4339 2661 4389 f.
2675 4352 2713 4390 4-
2726 4347 2777 4390 et
2799 4339 2940 4389 ABY
2962 4355 3076 4389 aur.

2411 4428 2487 4481 17.
2522 4425 2717 4468 caetera
2736 4433 2852 4468 aur.
2874 4417 2923 4468 5·
2936 4419 3086 4468 Hier.
3154 4424 3383 4469 secuntur
3404 4416 3619 4467 EKM'Y
3635 4433 3755 4467 aur.

2339 4498 2618 4547 eundem:
2652 4512 2686 4545 n
2708 4503 2816 4560 sup.
2844 4497 2937 4546 lin.
2954 4500 3032 4557 A;
3066 4496 3294 4548 eumdem
3310 4497 3460 4564 Hier.
3500 4511 3645 4546 sensu
3668 4495 3750 4544 Μ’.

2412 4575 2488 4624 18.
2525 4576 2729 4639 pennati
2751 4574 2919 4625 ΚΜὛΞ·
2932 4575 3081 4625 Hier.
3148 4578 3322 4632 pedes
3343 4574 3451 4624 sine
3475 4574 3632 4624 addit.
3659 4574 3753 4622 AB

2340 4652 2658 4703 CY‘JHienz
2681 4669 2731 4718 p.
2748 4666 2786 4706 ÷
2799 4669 2970 4704 eorum
2988 4653 3368 4703 EKM'YZaur.
3402 4667 3753 4719 quoquumque

2341 4730 2492 4781 Hier.
2565 4732 2747 4787 >ibat
2769 4732 2970 4797 spiritus
2989 4733 3141 4782 Hier.

2411 4822 2486 4872 19.
2521 4812 2702 4859 oeulis
2717 4819 2881 4860 ÷ante
2902 4826 2963 4860 ac
2985 4818 3117 4860 retro
3142 4810 3201 4861 E.
3241 4825 3306 4860 ae
3325 4806 3460 4873 (post
3480 4807 3748 4869 scintillae)

2339 4885 2778 4951 BC(hac)EKM*Z
2822 4903 2937 4939 aur.
2980 4887 3028 4938 ς
3063 4888 3210 4938 H’ier.
3230 4905 3243 4938 :
3289 4896 3340 4937 et
3375 4886 3546 4936 AHY.
3648 4887 3747 4936 dis·

2336 4974 2559 5016 carentes
2581 4966 2640 5016 E.
2706 4966 2759 5015 in
2777 4974 2940 5016 rotam
2963 4967 3128 5023 ΒΘΗ,
3149 4967 3203 5017 in
3224 4973 3333 5016 rota
3352 4982 3381 5016 e
3401 4966 3467 5016 Y.

2409 5058 2485 5094 20.
2521 5052 2730 5109 quatuor
2755 5044 2819 5106 (ἶ,
2836 5045 3082 5109 quadtuor
3103 5046 3164 5106 C,
3193 5051 3339 5093 11110‘.
3356 5044 3415 5093 E.
3479 5048 3539 5094 et
3558 5058 3651 5093 om.
3678 5043 3748 5092 Ζ*

2337 5123 2413 5184 (4-
2429 5121 2521 5184 2²).
2588 5121 2892 5187 apocalipsis
2930 5120 3156 5187 EZ*(sed
3179 5122 3331 5187 corr.)
3364 5137 3481 5171 aur.
3551 5121 3748 5171 ioannis

2337 5201 2488 5250 Hier.
2554 5200 2868 5265 expositione
2892 5201 2950 5249 E.

2406 5291 2483 5328 21.
2517 5278 2695 5342 uiginti
2751 5278 2999 5343 qnadtuor
3047 5278 3107 5338 C,
3165 5277 3346 5342 uiginti
3400 5284 3611 5342 quatuor
3662 5278 3713 5329 5·
3729 5295 3744 5339 3

2334 5366 2509 5405 xxuu
2534 5355 2807 5406 AEKM’Z.
2889 5357 3117 5421 cytharas
3149 5355 3372 5421 Z*(cith·
3398 5356 3498 5421 ΖΟ),
3530 5356 3745 5407 chitaras

2333 5434 2395 5484 E.
2477 5437 2637 5485 fialae
2666 5434 2911 5484 ABCHY
2933 5450 3082 5485 aun:
3123 5434 3216 5499 ph·
3248 5433 3623 5500 EKM'zcsphy-
3650 5435 3741 5499 Z*)

2332 5510 2382 5561 ς’
2404 5512 2551 5562 Hier.
2619 5512 2895 5564 adorabant
2914 5513 3065 5563 Hier.
3088 5513 3176 5562 sed
3196 5518 3304 5562 -ant
3329 5527 3426 5577 mg.
