<?xml version="1.0" encoding="UTF-8"?>
<!DOCTYPE html PUBLIC "-//W3C//DTD XHTML 1.0 Transitional//EN"
    "http://www.w3.org/TR/xhtml1/DTD/xhtml1-transitional.dtd">
<html xmlns="http://www.w3.org/1999/xhtml" xml:lang="en" lang="en">
 <head>
  <title>
</title>
<meta http-equiv="Content-Type" content="text/html;charset=utf-8" />
  <meta name='ocr-system' content='tesseract 3.04.00' />
  <meta name='ocr-capabilities' content='ocr_page ocr_carea ocr_par ocr_line ocrx_word'/>
</head>
<body>
  <div class='ocr_page' id='page_1' title='image "./nouumtestamentu00whitgoog_0067.png"; bbox 0 0 4717 6400; ppageno 0'>
   <div class='ocr_carea' id='block_1_1' title="bbox 1686 696 3845 763">
    <p class='ocr_par' dir='ltr' id='par_1_1' title="bbox 1686 696 3845 763">
     <span class='ocr_line' id='line_1_1' title="bbox 1686 696 3845 763; baseline 0.003 -6"><span class='ocrx_word' id='word_1_1' title='bbox 1686 696 2210 759; x_wconf 85' lang='lat' dir='ltr'><em>SECUNDUM</em></span> <span class='ocrx_word' id='word_1_2' title='bbox 2244 697 2382 756; x_wconf 82' lang='lat' dir='ltr'><strong>MA</strong></span> <span class='ocrx_word' id='word_1_3' title='bbox 2399 696 2809 760; x_wconf 80' lang='lat' dir='ltr'><em>TTHEUM.</em></span> <span class='ocrx_word' id='word_1_4' title='bbox 3771 717 3845 763; x_wconf 88' lang='lat'><strong>21</strong></span> 
     </span>
    </p>
   </div>
   <div class='ocr_carea' id='block_1_2' title="bbox 1016 863 3851 1115">
    <p class='ocr_par' dir='ltr' id='par_1_2' title="bbox 1016 863 3851 1115">
     <span class='ocr_line' id='line_1_2' title="bbox 1016 863 3378 934; baseline 0.003 -21"><span class='ocrx_word' id='word_1_5' title='bbox 1016 863 1242 929; x_wconf 70' lang='lat' dir='ltr'><strong>mmo.</strong></span> <span class='ocrx_word' id='word_1_6' title='bbox 2085 869 2122 919; x_wconf 85' lang='lat' dir='ltr'><strong>J</strong></span> <span class='ocrx_word' id='word_1_7' title='bbox 2152 868 2382 933; x_wconf 64' lang='lat' dir='ltr'><strong>(muas).</strong></span> <span class='ocrx_word' id='word_1_8' title='bbox 3193 929 3198 934; x_wconf 37' lang='grc'><strong>,</strong></span> <span class='ocrx_word' id='word_1_9' title='bbox 3309 867 3378 920; x_wconf 84' lang='lat' dir='ltr'><strong>K.</strong></span> 
     </span>
     <span class='ocr_line' id='line_1_3' title="bbox 2848 946 3851 1037; baseline 0.004 -20"><span class='ocrx_word' id='word_1_10' title='bbox 2848 946 2984 1018; x_wconf 85' lang='lat' dir='ltr'><strong>VII.</strong></span> <span class='ocrx_word' id='word_1_11' title='bbox 3025 958 3118 1018; x_wconf 92' lang='lat' dir='ltr'><strong>De</strong></span> <span class='ocrx_word' id='word_1_12' title='bbox 3144 961 3538 1037; x_wconf 85' lang='lat' dir='ltr'>predicatione</span> <span class='ocrx_word' id='word_1_13' title='bbox 3561 960 3661 1020; x_wconf 85' lang='lat' dir='ltr'><strong>ihu</strong></span> <span class='ocrx_word' id='word_1_14' title='bbox 3680 972 3739 1021; x_wconf 91' lang='lat' dir='ltr'><strong>et</strong></span> <span class='ocrx_word' id='word_1_15' title='bbox 3760 963 3851 1021; x_wconf 91' lang='lat' dir='ltr'><strong>in-</strong></span> 
     </span>
     <span class='ocr_line' id='line_1_4' title="bbox 2928 1055 3554 1115; baseline 0 0"><span class='ocrx_word' id='word_1_16' title='bbox 2928 1055 3229 1115; x_wconf 88' lang='lat' dir='ltr'><strong>firmorum</strong></span> <span class='ocrx_word' id='word_1_17' title='bbox 3257 1056 3554 1115; x_wconf 84' lang='lat' dir='ltr'><strong>sanitates.</strong></span> 
     </span>
    </p>
   </div>
   <div class='ocr_carea' id='block_1_3' title="bbox 605 1235 3851 1493">
    <p class='ocr_par' dir='ltr' id='par_1_3' title="bbox 605 1235 3851 1493">
     <span class='ocr_line' id='line_1_5' title="bbox 605 1235 3851 1319; baseline 0.005 -26"><span class='ocrx_word' id='word_1_18' title='bbox 605 1235 788 1295; x_wconf 88' lang='lat' dir='ltr'><strong>VIII.</strong></span> <span class='ocrx_word' id='word_1_19' title='bbox 815 1235 907 1295; x_wconf 93' lang='lat' dir='ltr'><strong>De</strong></span> <span class='ocrx_word' id='word_1_20' title='bbox 926 1236 1284 1296; x_wconf 84' lang='lat' dir='ltr'><strong>beatitudine</strong></span> <span class='ocrx_word' id='word_1_21' title='bbox 1306 1245 1362 1295; x_wconf 91' lang='lat' dir='ltr'><strong>et</strong></span> <span class='ocrx_word' id='word_1_22' title='bbox 1382 1236 1629 1296; x_wconf 86' lang='lat' dir='ltr'><strong>Caetera</strong></span> <span class='ocrx_word' id='word_1_23' title='bbox 1736 1240 1838 1299; x_wconf 90' lang='lat' dir='ltr'><strong>VI.</strong></span> <span class='ocrx_word' id='word_1_24' title='bbox 1883 1240 2001 1299; x_wconf 93' lang='lat' dir='ltr'><strong>Ubi</strong></span> <span class='ocrx_word' id='word_1_25' title='bbox 2031 1240 2205 1300; x_wconf 91' lang='lat' dir='ltr'><strong>docet</strong></span> <span class='ocrx_word' id='word_1_26' title='bbox 2234 1242 2400 1300; x_wconf 90' lang='lat' dir='ltr'><strong>Iesus</strong></span> <span class='ocrx_word' id='word_1_27' title='bbox 2424 1241 2740 1319; x_wconf 89' lang='lat' dir='ltr'><strong>discipulos</strong></span> <span class='ocrx_word' id='word_1_28' title='bbox 2846 1254 3012 1314; x_wconf 84' lang='lat' dir='ltr'>V111,</span> <span class='ocrx_word' id='word_1_29' title='bbox 3056 1254 3147 1315; x_wconf 78' lang='lat' dir='ltr'><strong>De</strong></span> <span class='ocrx_word' id='word_1_30' title='bbox 3175 1255 3531 1316; x_wconf 77' lang='lat' dir='ltr'><strong>beatitudine</strong></span> <span class='ocrx_word' id='word_1_31' title='bbox 3572 1264 3629 1315; x_wconf 84' lang='lat' dir='ltr'><strong>et</strong></span> <span class='ocrx_word' id='word_1_32' title='bbox 3658 1265 3851 1316; x_wconf 81' lang='lat' dir='ltr'><strong>cetera</strong></span> 
     </span>
     <span class='ocr_line' id='line_1_6' title="bbox 694 1330 3222 1410; baseline 0.004 -21"><span class='ocrx_word' id='word_1_33' title='bbox 694 1331 1071 1390; x_wconf 86' lang='lat' dir='ltr'><strong>mandataad</strong></span> <span class='ocrx_word' id='word_1_34' title='bbox 1095 1330 1410 1407; x_wconf 89' lang='lat' dir='ltr'><strong>discipulos</strong></span> <span class='ocrx_word' id='word_1_35' title='bbox 1438 1330 1626 1408; x_wconf 88' lang='lat' dir='ltr'><strong>loqui·</strong></span> <span class='ocrx_word' id='word_1_36' title='bbox 1815 1353 1956 1394; x_wconf 87' lang='lat' dir='ltr'><strong>suos</strong></span> <span class='ocrx_word' id='word_1_37' title='bbox 1994 1336 2068 1395; x_wconf 91' lang='lat' dir='ltr'><strong>de</strong></span> <span class='ocrx_word' id='word_1_38' title='bbox 2110 1335 2477 1395; x_wconf 89' lang='lat' dir='ltr'><strong>Beatitudine</strong></span> <span class='ocrx_word' id='word_1_39' title='bbox 2516 1347 2574 1396; x_wconf 90' lang='lat' dir='ltr'><strong>et</strong></span> <span class='ocrx_word' id='word_1_40' title='bbox 2602 1337 2740 1396; x_wconf 91' lang='lat' dir='ltr'><strong>dicit</strong></span> <span class='ocrx_word' id='word_1_41' title='bbox 2925 1349 3222 1410; x_wconf 74' lang='lat' dir='ltr'><strong>mandata,</strong></span> 
     </span>
     <span class='ocr_line' id='line_1_7' title="bbox 696 1428 2476 1493; baseline 0.002 -9"><span class='ocrx_word' id='word_1_42' title='bbox 696 1434 810 1485; x_wconf 89' lang='lat' dir='ltr'><strong>tur.</strong></span> <span class='ocrx_word' id='word_1_43' title='bbox 1813 1428 1941 1489; x_wconf 88' lang='lat' dir='ltr'><strong>Uos</strong></span> <span class='ocrx_word' id='word_1_44' title='bbox 1964 1429 2099 1493; x_wconf 88' lang='lat' dir='ltr'><strong>estis</strong></span> <span class='ocrx_word' id='word_1_45' title='bbox 2127 1430 2226 1488; x_wconf 86' lang='lat' dir='ltr'><strong>lux</strong></span> <span class='ocrx_word' id='word_1_46' title='bbox 2255 1428 2476 1490; x_wconf 86' lang='lat' dir='ltr'><strong>mundi.</strong></span> 
     </span>
    </p>
   </div>
   <div class='ocr_carea' id='block_1_4' title="bbox 608 1891 3839 1985">
    <p class='ocr_par' dir='ltr' id='par_1_4' title="bbox 608 1891 3839 1985">
     <span class='ocr_line' id='line_1_8' title="bbox 608 1891 3839 1985; baseline 0.005 -35"><span class='ocrx_word' id='word_1_47' title='bbox 608 1891 821 1952; x_wconf 90' lang='lat' dir='ltr'><strong>VIIII.</strong></span> <span class='ocrx_word' id='word_1_48' title='bbox 865 1892 1008 1952; x_wconf 91' lang='lat' dir='ltr'><strong>Non</strong></span> <span class='ocrx_word' id='word_1_49' title='bbox 1027 1893 1166 1953; x_wconf 89' lang='lat' dir='ltr'><strong>ueni</strong></span> <span class='ocrx_word' id='word_1_50' title='bbox 1184 1893 1411 1955; x_wconf 89' lang='lat' dir='ltr'><strong>soluere</strong></span> <span class='ocrx_word' id='word_1_51' title='bbox 1433 1892 1625 1969; x_wconf 88' lang='lat' dir='ltr'><strong>legem</strong></span> <span class='ocrx_word' id='word_1_52' title='bbox 1732 1898 1868 1957; x_wconf 93' lang='lat' dir='ltr'><strong>VII.</strong></span> <span class='ocrx_word' id='word_1_53' title='bbox 1886 1897 2004 1957; x_wconf 92' lang='lat' dir='ltr'><strong>Ubi</strong></span> <span class='ocrx_word' id='word_1_54' title='bbox 2030 1899 2170 1960; x_wconf 86' lang='lat' dir='ltr'><strong>dicit</strong></span> <span class='ocrx_word' id='word_1_55' title='bbox 2192 1899 2334 1960; x_wconf 92' lang='lat' dir='ltr'><strong>Non</strong></span> <span class='ocrx_word' id='word_1_56' title='bbox 2354 1902 2492 1959; x_wconf 89' lang='lat' dir='ltr'><strong>ueni</strong></span> <span class='ocrx_word' id='word_1_57' title='bbox 2514 1900 2739 1960; x_wconf 90' lang='lat' dir='ltr'><strong>soluere</strong></span> <span class='ocrx_word' id='word_1_58' title='bbox 2840 1911 3040 1970; x_wconf 81' lang='lat' dir='ltr'><strong>VIIII,</strong></span> <span class='ocrx_word' id='word_1_59' title='bbox 3084 1911 3264 1985; x_wconf 83' lang='lat' dir='ltr'><strong>Quod</strong></span> <span class='ocrx_word' id='word_1_60' title='bbox 3306 1930 3431 1972; x_wconf 81' lang='lat' dir='ltr'><strong>non</strong></span> <span class='ocrx_word' id='word_1_61' title='bbox 3477 1914 3706 1973; x_wconf 80' lang='lat' dir='ltr'><strong>uenerit</strong></span> <span class='ocrx_word' id='word_1_62' title='bbox 3746 1913 3839 1972; x_wconf 80' lang='lat' dir='ltr'><strong>ihs</strong></span> 
     </span>
    </p>
   </div>
   <div class='ocr_carea' id='block_1_5' title="bbox 612 1987 3850 2912">
    <p class='ocr_par' dir='ltr' id='par_1_5' title="bbox 696 1987 3846 2253">
     <span class='ocr_line' id='line_1_9' title="bbox 696 1987 3841 2083; baseline 0.005 -38"><span class='ocrx_word' id='word_1_63' title='bbox 696 1987 783 2046; x_wconf 72' lang='lat'><strong>111.</strong></span> <span class='ocrx_word' id='word_1_64' title='bbox 1812 1993 2005 2071; x_wconf 82' lang='lat' dir='ltr'><strong>legem</strong></span> <span class='ocrx_word' id='word_1_65' title='bbox 2052 2004 2110 2054; x_wconf 84' lang='lat' dir='ltr'><strong>et</strong></span> <span class='ocrx_word' id='word_1_66' title='bbox 2158 1994 2231 2053; x_wconf 82' lang='lat' dir='ltr'><strong>de</strong></span> <span class='ocrx_word' id='word_1_67' title='bbox 2279 1995 2580 2053; x_wconf 81' lang='lat' dir='ltr'><strong>iracundia</strong></span> <span class='ocrx_word' id='word_1_68' title='bbox 2623 1993 2737 2053; x_wconf 83' lang='lat' dir='ltr'><strong>fra·</strong></span> <span class='ocrx_word' id='word_1_69' title='bbox 2923 2005 3149 2065; x_wconf 81' lang='lat' dir='ltr'><strong>soluere</strong></span> <span class='ocrx_word' id='word_1_70' title='bbox 3199 2007 3392 2082; x_wconf 84' lang='lat' dir='ltr'><strong>legem</strong></span> <span class='ocrx_word' id='word_1_71' title='bbox 3441 2007 3546 2066; x_wconf 82' lang='lat' dir='ltr'><strong>sed</strong></span> <span class='ocrx_word' id='word_1_72' title='bbox 3594 2006 3841 2083; x_wconf 85' lang='lat' dir='ltr'><strong>implere</strong></span> 
     </span>
     <span class='ocr_line' id='line_1_10' title="bbox 1277 2088 3840 2176; baseline 0.006 -35"><span class='ocrx_word' id='word_1_73' title='bbox 1277 2116 1281 2120; x_wconf 60' lang='lat'>&gt;</span> <span class='ocrx_word' id='word_1_74' title='bbox 1812 2099 1967 2146; x_wconf 87' lang='lat' dir='ltr'><strong>trum</strong></span> <span class='ocrx_word' id='word_1_75' title='bbox 1994 2098 2054 2147; x_wconf 91' lang='lat' dir='ltr'><strong>et</strong></span> <span class='ocrx_word' id='word_1_76' title='bbox 2081 2088 2155 2148; x_wconf 91' lang='lat' dir='ltr'><strong>de</strong></span> <span class='ocrx_word' id='word_1_77' title='bbox 2182 2089 2668 2148; x_wconf 87' lang='lat' dir='ltr'><strong>reconciliatione.</strong></span> <span class='ocrx_word' id='word_1_78' title='bbox 2923 2107 2981 2158; x_wconf 80' lang='lat' dir='ltr'><strong>et</strong></span> <span class='ocrx_word' id='word_1_79' title='bbox 3001 2117 3214 2159; x_wconf 84' lang='lat' dir='ltr'><strong>munus</strong></span> <span class='ocrx_word' id='word_1_80' title='bbox 3237 2100 3684 2176; x_wconf 83' lang='lat' dir='ltr'><strong>relinquendum</strong></span> <span class='ocrx_word' id='word_1_81' title='bbox 3703 2109 3840 2159; x_wconf 88' lang='lat' dir='ltr'><strong>ante</strong></span> 
     </span>
     <span class='ocr_line' id='line_1_11' title="bbox 2922 2192 3846 2253; baseline 0.001 -1"><span class='ocrx_word' id='word_1_82' title='bbox 2922 2193 3101 2253; x_wconf 88' lang='lat' dir='ltr'><strong>altare</strong></span> <span class='ocrx_word' id='word_1_83' title='bbox 3148 2202 3207 2252; x_wconf 91' lang='lat' dir='ltr'><strong>et</strong></span> <span class='ocrx_word' id='word_1_84' title='bbox 3254 2192 3414 2253; x_wconf 87' lang='lat' dir='ltr'><strong>fratri</strong></span> <span class='ocrx_word' id='word_1_85' title='bbox 3462 2194 3846 2253; x_wconf 88' lang='lat' dir='ltr'><strong>reconcilian-</strong></span> 
     </span>
    </p>

    <p class='ocr_par' dir='ltr' id='par_1_6' title="bbox 2923 2288 3084 2346">
     <span class='ocr_line' id='line_1_12' title="bbox 2923 2288 3084 2346; baseline -0.012 0"><span class='ocrx_word' id='word_1_86' title='bbox 2923 2288 3084 2346; x_wconf 90' lang='lat' dir='ltr'><strong>dum.</strong></span> 
     </span>
    </p>

    <p class='ocr_par' dir='ltr' id='par_1_7' title="bbox 612 2548 3850 2912">
     <span class='ocr_line' id='line_1_13' title="bbox 612 2548 3848 2629; baseline 0.005 -21"><span class='ocrx_word' id='word_1_87' title='bbox 612 2550 694 2610; x_wconf 91' lang='lat' dir='ltr'><strong>X.</strong></span> <span class='ocrx_word' id='word_1_88' title='bbox 738 2548 883 2609; x_wconf 91' lang='lat' dir='ltr'><strong>Non</strong></span> <span class='ocrx_word' id='word_1_89' title='bbox 908 2549 1319 2609; x_wconf 88' lang='lat' dir='ltr'><strong>mechandum.</strong></span> <span class='ocrx_word' id='word_1_90' title='bbox 1731 2556 1898 2617; x_wconf 90' lang='lat' dir='ltr'><strong>VIII.</strong></span> <span class='ocrx_word' id='word_1_91' title='bbox 1962 2556 2082 2616; x_wconf 91' lang='lat' dir='ltr'><strong>Ubi</strong></span> <span class='ocrx_word' id='word_1_92' title='bbox 2139 2556 2212 2617; x_wconf 88' lang='lat' dir='ltr'><strong>de</strong></span> <span class='ocrx_word' id='word_1_93' title='bbox 2267 2558 2633 2617; x_wconf 88' lang='lat' dir='ltr'><strong>moecatione</strong></span> <span class='ocrx_word' id='word_1_94' title='bbox 2681 2568 2739 2618; x_wconf 90' lang='lat' dir='ltr'><strong>et</strong></span> <span class='ocrx_word' id='word_1_95' title='bbox 2842 2569 2917 2627; x_wconf 83' lang='grc' dir='ltr'><strong>Χ,</strong></span> <span class='ocrx_word' id='word_1_96' title='bbox 2962 2567 3104 2628; x_wconf 83' lang='lat' dir='ltr'><strong>Non</strong></span> <span class='ocrx_word' id='word_1_97' title='bbox 3168 2569 3602 2629; x_wconf 81' lang='lat' dir='ltr'><strong>moechandum</strong></span> <span class='ocrx_word' id='word_1_98' title='bbox 3666 2578 3726 2628; x_wconf 87' lang='lat' dir='ltr'><strong>et</strong></span> <span class='ocrx_word' id='word_1_99' title='bbox 3798 2569 3848 2627; x_wconf 86' lang='lat' dir='ltr'><strong>si</strong></span> 
     </span>
     <span class='ocr_line' id='line_1_14' title="bbox 1810 2651 3846 2723; baseline 0.004 -9"><span class='ocrx_word' id='word_1_100' title='bbox 1810 2652 1987 2712; x_wconf 88' lang='lat' dir='ltr'><strong>oculo</strong></span> <span class='ocrx_word' id='word_1_101' title='bbox 2004 2651 2264 2711; x_wconf 83' lang='lat' dir='ltr'><strong>eruendo</strong></span> <span class='ocrx_word' id='word_1_102' title='bbox 2280 2662 2337 2710; x_wconf 80' lang='lat' dir='ltr'><strong>et</strong></span> <span class='ocrx_word' id='word_1_103' title='bbox 2346 2668 2528 2711; x_wconf 74' lang='lat' dir='ltr'><strong>manu</strong></span> <span class='ocrx_word' id='word_1_104' title='bbox 2535 2651 2738 2711; x_wconf 75' lang='lat' dir='ltr'><strong>dextra</strong></span> <span class='ocrx_word' id='word_1_105' title='bbox 2922 2663 3126 2723; x_wconf 87' lang='lat' dir='ltr'><strong>oculus</strong></span> <span class='ocrx_word' id='word_1_106' title='bbox 3147 2662 3242 2722; x_wconf 92' lang='lat' dir='ltr'><strong>uel</strong></span> <span class='ocrx_word' id='word_1_107' title='bbox 3261 2681 3474 2723; x_wconf 87' lang='lat' dir='ltr'><strong>manus</strong></span> <span class='ocrx_word' id='word_1_108' title='bbox 3491 2662 3846 2723; x_wconf 87' lang='lat' dir='ltr'><strong>scandalizat</strong></span> 
     </span>
     <span class='ocr_line' id='line_1_15' title="bbox 1810 2745 3850 2818; baseline 0.003 -10"><span class='ocrx_word' id='word_1_109' title='bbox 1810 2756 1867 2805; x_wconf 89' lang='lat' dir='ltr'><strong>et</strong></span> <span class='ocrx_word' id='word_1_110' title='bbox 1942 2764 2127 2806; x_wconf 87' lang='lat' dir='ltr'><strong>uxore</strong></span> <span class='ocrx_word' id='word_1_111' title='bbox 2195 2763 2320 2804; x_wconf 87' lang='lat' dir='ltr'><strong>non</strong></span> <span class='ocrx_word' id='word_1_112' title='bbox 2393 2745 2735 2805; x_wconf 77' lang='lat' dir='ltr'><strong>dimittenda</strong></span> <span class='ocrx_word' id='word_1_113' title='bbox 2920 2766 2977 2816; x_wconf 91' lang='lat' dir='ltr'><strong>et</strong></span> <span class='ocrx_word' id='word_1_114' title='bbox 3004 2775 3252 2816; x_wconf 83' lang='lat' dir='ltr'><strong>uxorem</strong></span> <span class='ocrx_word' id='word_1_115' title='bbox 3279 2776 3403 2817; x_wconf 90' lang='lat' dir='ltr'><strong>non</strong></span> <span class='ocrx_word' id='word_1_116' title='bbox 3444 2758 3611 2818; x_wconf 88' lang='lat' dir='ltr'><strong>liceat</strong></span> <span class='ocrx_word' id='word_1_117' title='bbox 3640 2756 3850 2817; x_wconf 89' lang='lat' dir='ltr'><strong>dimitti</strong></span> 
     </span>
     <span class='ocr_line' id='line_1_16' title="bbox 1812 2840 3629 2912; baseline 0.003 -12"><span class='ocrx_word' id='word_1_118' title='bbox 1812 2851 1870 2900; x_wconf 93' lang='lat' dir='ltr'><strong>et</strong></span> <span class='ocrx_word' id='word_1_119' title='bbox 1897 2842 2145 2900; x_wconf 89' lang='lat' dir='ltr'><strong>omnino</strong></span> <span class='ocrx_word' id='word_1_120' title='bbox 2174 2857 2298 2898; x_wconf 90' lang='lat' dir='ltr'><strong>non</strong></span> <span class='ocrx_word' id='word_1_121' title='bbox 2326 2840 2530 2899; x_wconf 90' lang='lat' dir='ltr'><strong>iurare.</strong></span> <span class='ocrx_word' id='word_1_122' title='bbox 2923 2851 3033 2910; x_wconf 81' lang='lat' dir='ltr'><strong>nisi</strong></span> <span class='ocrx_word' id='word_1_123' title='bbox 3060 2851 3141 2910; x_wconf 86' lang='lat' dir='ltr'><strong>ob</strong></span> <span class='ocrx_word' id='word_1_124' title='bbox 3171 2849 3629 2912; x_wconf 79' lang='lat' dir='ltr'><strong>fornicationem.</strong></span> 
     </span>
    </p>
   </div>
   <div class='ocr_carea' id='block_1_6' title="bbox 616 3492 3847 3572">
    <p class='ocr_par' dir='ltr' id='par_1_8' title="bbox 616 3492 3847 3572">
     <span class='ocr_line' id='line_1_17' title="bbox 616 3492 3847 3572; baseline 0.002 -19"><span class='ocrx_word' id='word_1_125' title='bbox 616 3494 726 3553; x_wconf 89' lang='lat' dir='ltr'><strong>XI.</strong></span> <span class='ocrx_word' id='word_1_126' title='bbox 769 3494 862 3553; x_wconf 91' lang='lat' dir='ltr'><strong>De</strong></span> <span class='ocrx_word' id='word_1_127' title='bbox 891 3492 1198 3553; x_wconf 88' lang='lat' dir='ltr'><strong>dilectione</strong></span> <span class='ocrx_word' id='word_1_128' title='bbox 1228 3493 1625 3553; x_wconf 88' lang='lat' dir='ltr'><strong>Inimicorum.</strong></span> <span class='ocrx_word' id='word_1_129' title='bbox 1733 3496 1934 3555; x_wconf 92' lang='lat' dir='ltr'><strong>VIIII.</strong></span> <span class='ocrx_word' id='word_1_130' title='bbox 1976 3494 2068 3555; x_wconf 91' lang='lat' dir='ltr'><strong>De</strong></span> <span class='ocrx_word' id='word_1_131' title='bbox 2090 3495 2339 3555; x_wconf 88' lang='lat' dir='ltr'><strong>inimicis</strong></span> <span class='ocrx_word' id='word_1_132' title='bbox 2355 3494 2663 3572; x_wconf 87' lang='lat' dir='ltr'><strong>diligendis</strong></span> <span class='ocrx_word' id='word_1_133' title='bbox 2677 3505 2735 3555; x_wconf 93' lang='lat' dir='ltr'><strong>et</strong></span> <span class='ocrx_word' id='word_1_134' title='bbox 2842 3506 2948 3566; x_wconf 81' lang='lat' dir='ltr'><strong>xl,</strong></span> <span class='ocrx_word' id='word_1_135' title='bbox 2992 3504 3847 3566; x_wconf 75' lang='lat' dir='ltr'><strong>Dedilectioneminimicorum</strong></span> 
     </span>
    </p>
   </div>
   <div class='ocr_carea' id='block_1_7' title="bbox 614 3590 3847 4053">
    <p class='ocr_par' dir='ltr' id='par_1_9' title="bbox 614 3590 3847 4053">
     <span class='ocr_line' id='line_1_18' title="bbox 1813 3590 3566 3676; baseline 0.002 -26"><span class='ocrx_word' id='word_1_136' title='bbox 1813 3591 2165 3652; x_wconf 86' lang='lat' dir='ltr'><strong>eleemosina</strong></span> <span class='ocrx_word' id='word_1_137' title='bbox 2234 3599 2294 3650; x_wconf 89' lang='lat' dir='ltr'><strong>et</strong></span> <span class='ocrx_word' id='word_1_138' title='bbox 2352 3590 2614 3650; x_wconf 85' lang='lat' dir='ltr'><strong>oratione</strong></span> <span class='ocrx_word' id='word_1_139' title='bbox 2673 3591 2734 3649; x_wconf 90' lang='lat' dir='ltr'><strong>in</strong></span> <span class='ocrx_word' id='word_1_140' title='bbox 2921 3610 2981 3660; x_wconf 77' lang='lat' dir='ltr'><strong>et</strong></span> <span class='ocrx_word' id='word_1_141' title='bbox 3008 3599 3300 3660; x_wconf 82' lang='lat' dir='ltr'><strong>orandum</strong></span> <span class='ocrx_word' id='word_1_142' title='bbox 3326 3617 3438 3676; x_wconf 87' lang='lat' dir='ltr'><strong>pro</strong></span> <span class='ocrx_word' id='word_1_143' title='bbox 3465 3599 3566 3658; x_wconf 86' lang='lat' dir='ltr'><strong>eis.</strong></span> 
     </span>
     <span class='ocr_line' id='line_1_19' title="bbox 1813 3683 2734 3745; baseline -0.002 -1"><span class='ocrx_word' id='word_1_144' title='bbox 1813 3685 2157 3745; x_wconf 88' lang='lat' dir='ltr'><strong>abscondito</strong></span> <span class='ocrx_word' id='word_1_145' title='bbox 2217 3694 2276 3745; x_wconf 91' lang='lat' dir='ltr'><strong>et</strong></span> <span class='ocrx_word' id='word_1_146' title='bbox 2331 3683 2407 3742; x_wconf 92' lang='lat' dir='ltr'><strong>de</strong></span> <span class='ocrx_word' id='word_1_147' title='bbox 2470 3686 2734 3744; x_wconf 89' lang='lat' dir='ltr'><strong>oratione</strong></span> 
     </span>
     <span class='ocr_line' id='line_1_20' title="bbox 1813 3780 2140 3840; baseline -0.006 0"><span class='ocrx_word' id='word_1_148' title='bbox 1813 3780 2140 3840; x_wconf 88' lang='lat' dir='ltr'><strong>Dominica.</strong></span> 
     </span>
     <span class='ocr_line' id='line_1_21' title="bbox 614 3867 3847 3946; baseline 0.002 -15"><span class='ocrx_word' id='word_1_149' title='bbox 614 3868 759 3928; x_wconf 89' lang='lat' dir='ltr'><strong>XII.</strong></span> <span class='ocrx_word' id='word_1_150' title='bbox 800 3868 896 3928; x_wconf 87' lang='lat' dir='ltr'><strong>De</strong></span> <span class='ocrx_word' id='word_1_151' title='bbox 948 3867 1343 3946; x_wconf 80' lang='lat' dir='ltr'><strong>aelimoysinis</strong></span> <span class='ocrx_word' id='word_1_152' title='bbox 1402 3869 1627 3927; x_wconf 81' lang='lat' dir='ltr'><strong>nesciat</strong></span> <span class='ocrx_word' id='word_1_153' title='bbox 2838 3880 2974 3940; x_wconf 90' lang='lat' dir='ltr'><strong>XIL</strong></span> <span class='ocrx_word' id='word_1_154' title='bbox 3016 3879 3110 3939; x_wconf 90' lang='lat' dir='ltr'><strong>De</strong></span> <span class='ocrx_word' id='word_1_155' title='bbox 3181 3879 3557 3940; x_wconf 86' lang='lat' dir='ltr'><strong>helemosinis</strong></span> <span class='ocrx_word' id='word_1_156' title='bbox 3623 3878 3847 3938; x_wconf 85' lang='lat' dir='ltr'><strong>nesciat</strong></span> 
     </span>
     <span class='ocr_line' id='line_1_22' title="bbox 699 3962 3846 4053; baseline 0.003 -31"><span class='ocrx_word' id='word_1_157' title='bbox 699 3964 930 4023; x_wconf 85' lang='lat' dir='ltr'><strong>sinistra</strong></span> <span class='ocrx_word' id='word_1_158' title='bbox 956 3963 1098 4041; x_wconf 90' lang='lat' dir='ltr'><strong>quid</strong></span> <span class='ocrx_word' id='word_1_159' title='bbox 1123 3962 1298 4022; x_wconf 80' lang='lat' dir='ltr'><strong>faciat</strong></span> <span class='ocrx_word' id='word_1_160' title='bbox 1325 3962 1579 4022; x_wconf 86' lang='lat' dir='ltr'><strong>dextera.</strong></span> <span class='ocrx_word' id='word_1_161' title='bbox 2050 4049 2057 4053; x_wconf 84' lang='lat'><strong>.</strong></span> <span class='ocrx_word' id='word_1_162' title='bbox 2918 3975 3150 4035; x_wconf 86' lang='lat' dir='ltr'><strong>sinistra</strong></span> <span class='ocrx_word' id='word_1_163' title='bbox 3198 3983 3257 4034; x_wconf 90' lang='lat' dir='ltr'><strong>et</strong></span> <span class='ocrx_word' id='word_1_164' title='bbox 3297 3974 3359 4031; x_wconf 91' lang='lat' dir='ltr'><strong>in</strong></span> <span class='ocrx_word' id='word_1_165' title='bbox 3410 3973 3675 4034; x_wconf 86' lang='lat' dir='ltr'><strong>oratione</strong></span> <span class='ocrx_word' id='word_1_166' title='bbox 3720 3991 3846 4033; x_wconf 87' lang='lat' dir='ltr'><strong>non</strong></span> 
     </span>
    </p>
   </div>
   <div class='ocr_carea' id='block_1_8' title="bbox 2916 4067 3571 4148">
    <p class='ocr_par' dir='ltr' id='par_1_10' title="bbox 2916 4067 3571 4148">
     <span class='ocr_line' id='line_1_23' title="bbox 2916 4067 3571 4148; baseline 0 -20"><span class='ocrx_word' id='word_1_167' title='bbox 2916 4070 3165 4128; x_wconf 86' lang='lat' dir='ltr'><strong>multum</strong></span> <span class='ocrx_word' id='word_1_168' title='bbox 3195 4067 3571 4148; x_wconf 89' lang='lat' dir='ltr'><strong>loquendum.</strong></span> 
     </span>
    </p>
   </div>
   <div class='ocr_carea' id='block_1_9' title="bbox 613 4521 3847 4594">
    <p class='ocr_par' dir='ltr' id='par_1_11' title="bbox 613 4521 3847 4594">
     <span class='ocr_line' id='line_1_24' title="bbox 613 4521 3847 4594; baseline -0.005 1"><span class='ocrx_word' id='word_1_169' title='bbox 613 4529 785 4589; x_wconf 85' lang='lat' dir='ltr'><strong>XIII·</strong></span> <span class='ocrx_word' id='word_1_170' title='bbox 828 4525 919 4586; x_wconf 90' lang='lat' dir='ltr'><strong>IN</strong></span> <span class='ocrx_word' id='word_1_171' title='bbox 948 4527 1173 4586; x_wconf 78' lang='lat' dir='ltr'><strong>ieiuniis</strong></span> <span class='ocrx_word' id='word_1_172' title='bbox 1211 4545 1334 4588; x_wconf 86' lang='lat' dir='ltr'><strong>non</strong></span> <span class='ocrx_word' id='word_1_173' title='bbox 1375 4526 1621 4587; x_wconf 82' lang='lat' dir='ltr'><strong>contris·</strong></span> <span class='ocrx_word' id='word_1_174' title='bbox 1728 4532 1801 4592; x_wconf 92' lang='lat' dir='ltr'><strong>X.</strong></span> <span class='ocrx_word' id='word_1_175' title='bbox 1844 4533 1936 4594; x_wconf 91' lang='lat' dir='ltr'><strong>De</strong></span> <span class='ocrx_word' id='word_1_176' title='bbox 1973 4534 2190 4594; x_wconf 90' lang='lat' dir='ltr'><strong>ieiunio</strong></span> <span class='ocrx_word' id='word_1_177' title='bbox 2227 4542 2285 4592; x_wconf 91' lang='lat' dir='ltr'><strong>et</strong></span> <span class='ocrx_word' id='word_1_178' title='bbox 2320 4531 2636 4591; x_wconf 84' lang='lat' dir='ltr'><strong>thensauro</strong></span> <span class='ocrx_word' id='word_1_179' title='bbox 2670 4530 2729 4589; x_wconf 89' lang='lat' dir='ltr'><strong>in</strong></span> <span class='ocrx_word' id='word_1_180' title='bbox 2838 4524 3006 4584; x_wconf 89' lang='lat' dir='ltr'><strong>XIII.</strong></span> <span class='ocrx_word' id='word_1_181' title='bbox 3049 4523 3122 4583; x_wconf 87' lang='lat' dir='ltr'><strong>In</strong></span> <span class='ocrx_word' id='word_1_182' title='bbox 3158 4523 3383 4583; x_wconf 89' lang='lat' dir='ltr'><strong>ieiuniis</strong></span> <span class='ocrx_word' id='word_1_183' title='bbox 3426 4541 3549 4583; x_wconf 89' lang='lat' dir='ltr'><strong>non</strong></span> <span class='ocrx_word' id='word_1_184' title='bbox 3589 4521 3847 4580; x_wconf 89' lang='lat' dir='ltr'><strong>contris-</strong></span> 
     </span>
    </p>
   </div>
   <div class='ocr_carea' id='block_1_10' title="bbox 694 4616 3843 4885">
    <p class='ocr_par' dir='ltr' id='par_1_12' title="bbox 694 4616 3843 4885">
     <span class='ocr_line' id='line_1_25' title="bbox 696 4616 3843 4704; baseline -0.003 -22"><span class='ocrx_word' id='word_1_185' title='bbox 696 4622 943 4683; x_wconf 89' lang='lat' dir='ltr'><strong>tandum</strong></span> <span class='ocrx_word' id='word_1_186' title='bbox 983 4631 1042 4679; x_wconf 91' lang='lat' dir='ltr'><strong>et</strong></span> <span class='ocrx_word' id='word_1_187' title='bbox 1082 4622 1144 4679; x_wconf 88' lang='lat' dir='ltr'><strong>in</strong></span> <span class='ocrx_word' id='word_1_188' title='bbox 1186 4621 1454 4681; x_wconf 86' lang='lat' dir='ltr'><strong>oratione</strong></span> <span class='ocrx_word' id='word_1_189' title='bbox 1497 4638 1622 4680; x_wconf 89' lang='lat' dir='ltr'><strong>non</strong></span> <span class='ocrx_word' id='word_1_190' title='bbox 1807 4629 1972 4688; x_wconf 83' lang='lat' dir='ltr'><strong>caelo</strong></span> <span class='ocrx_word' id='word_1_191' title='bbox 2013 4637 2072 4687; x_wconf 87' lang='lat' dir='ltr'><strong>et</strong></span> <span class='ocrx_word' id='word_1_192' title='bbox 2113 4627 2187 4685; x_wconf 88' lang='lat' dir='ltr'><strong>de</strong></span> <span class='ocrx_word' id='word_1_193' title='bbox 2228 4625 2403 4686; x_wconf 87' lang='lat' dir='ltr'><strong>oculo</strong></span> <span class='ocrx_word' id='word_1_194' title='bbox 2440 4625 2603 4704; x_wconf 92' lang='lat' dir='ltr'><strong>quod</strong></span> <span class='ocrx_word' id='word_1_195' title='bbox 2641 4625 2729 4684; x_wconf 88' lang='lat' dir='ltr'><strong>lu·</strong></span> <span class='ocrx_word' id='word_1_196' title='bbox 2918 4618 3162 4678; x_wconf 89' lang='lat' dir='ltr'><strong>tandum</strong></span> <span class='ocrx_word' id='word_1_197' title='bbox 3218 4627 3277 4676; x_wconf 91' lang='lat' dir='ltr'><strong>et</strong></span> <span class='ocrx_word' id='word_1_198' title='bbox 3331 4616 3406 4677; x_wconf 90' lang='lat' dir='ltr'><strong>de</strong></span> <span class='ocrx_word' id='word_1_199' title='bbox 3459 4617 3732 4676; x_wconf 85' lang='lat' dir='ltr'><strong>thesauro</strong></span> <span class='ocrx_word' id='word_1_200' title='bbox 3780 4616 3843 4673; x_wconf 88' lang='lat' dir='ltr'><strong>in</strong></span> 
     </span>
     <span class='ocr_line' id='line_1_26' title="bbox 695 4711 3841 4802; baseline -0.006 -16"><span class='ocrx_word' id='word_1_201' title='bbox 695 4718 945 4777; x_wconf 80' lang='lat' dir='ltr'><strong>multum</strong></span> <span class='ocrx_word' id='word_1_202' title='bbox 1000 4715 1364 4791; x_wconf 78' lang='lat' dir='ltr'><strong>loquendum</strong></span> <span class='ocrx_word' id='word_1_203' title='bbox 1418 4724 1478 4773; x_wconf 76' lang='lat' dir='ltr'><strong>et</strong></span> <span class='ocrx_word' id='word_1_204' title='bbox 1546 4715 1620 4774; x_wconf 79' lang='lat' dir='ltr'><strong>de</strong></span> <span class='ocrx_word' id='word_1_205' title='bbox 1807 4741 1983 4784; x_wconf 88' lang='lat' dir='ltr'><strong>cerna</strong></span> <span class='ocrx_word' id='word_1_206' title='bbox 2008 4719 2270 4799; x_wconf 88' lang='lat' dir='ltr'><strong>corporis</strong></span> <span class='ocrx_word' id='word_1_207' title='bbox 2298 4719 2385 4778; x_wconf 87' lang='lat' dir='ltr'><strong>sit.</strong></span> <span class='ocrx_word' id='word_1_208' title='bbox 2917 4712 3080 4773; x_wconf 87' lang='lat' dir='ltr'><strong>caelo</strong></span> <span class='ocrx_word' id='word_1_209' title='bbox 3120 4721 3178 4771; x_wconf 87' lang='lat' dir='ltr'><strong>et</strong></span> <span class='ocrx_word' id='word_1_210' title='bbox 3219 4711 3380 4802; x_wconf 73' lang='lat' dir='ltr'><strong>quod</strong></span> <span class='ocrx_word' id='word_1_211' title='bbox 3423 4711 3662 4771; x_wconf 89' lang='lat' dir='ltr'><strong>lucerna</strong></span> <span class='ocrx_word' id='word_1_212' title='bbox 3704 4727 3841 4769; x_wconf 87' lang='lat' dir='ltr'><strong>cor-</strong></span> 
     </span>
     <span class='ocr_line' id='line_1_27' title="bbox 694 4806 3424 4885; baseline -0.002 -14"><span class='ocrx_word' id='word_1_213' title='bbox 694 4822 961 4871; x_wconf 89' lang='lat' dir='ltr'><strong>tessauro</strong></span> <span class='ocrx_word' id='word_1_214' title='bbox 988 4810 1051 4867; x_wconf 90' lang='lat' dir='ltr'><strong>in</strong></span> <span class='ocrx_word' id='word_1_215' title='bbox 1077 4807 1257 4868; x_wconf 86' lang='lat' dir='ltr'><strong>caelo.</strong></span> <span class='ocrx_word' id='word_1_216' title='bbox 2916 4808 3074 4885; x_wconf 89' lang='lat' dir='ltr'><strong>poris</strong></span> <span class='ocrx_word' id='word_1_217' title='bbox 3101 4806 3174 4866; x_wconf 89' lang='lat' dir='ltr'><strong>sit</strong></span> <span class='ocrx_word' id='word_1_218' title='bbox 3199 4806 3424 4865; x_wconf 76' lang='lat' dir='ltr'><strong>oculuS.</strong></span> 
     </span>
    </p>
   </div>
   <div class='ocr_carea' id='block_1_11' title="bbox 678 5081 1503 5144">
    <p class='ocr_par' dir='ltr' id='par_1_13' title="bbox 678 5081 1503 5144">
     <span class='ocr_line' id='line_1_28' title="bbox 678 5081 1503 5144; baseline -0.005 -11"><span class='ocrx_word' id='word_1_219' title='bbox 678 5084 829 5133; x_wconf 84' lang='lat' dir='ltr'><strong>vm.</strong></span> <span class='ocrx_word' id='word_1_220' title='bbox 863 5085 1174 5140; x_wconf 64' lang='lat' dir='ltr'><strong>discipulo·</strong></span> <span class='ocrx_word' id='word_1_221' title='bbox 1188 5096 1226 5133; x_wconf 63' lang='grc' dir='ltr'><strong>-ι-</strong></span> <span class='ocrx_word' id='word_1_222' title='bbox 1240 5097 1359 5131; x_wconf 86' lang='lat' dir='ltr'><strong>suos</strong></span> <span class='ocrx_word' id='word_1_223' title='bbox 1381 5081 1503 5144; x_wconf 59' lang='lat' dir='ltr'><strong>EPQ.</strong></span> 
     </span>
    </p>
   </div>
   <div class='ocr_carea' id='block_1_12' title="bbox 610 5158 1618 5343">
    <p class='ocr_par' dir='ltr' id='par_1_14' title="bbox 610 5158 1618 5343">
     <span class='ocr_line' id='line_1_29' title="bbox 675 5158 1618 5223; baseline -0.003 -13"><span class='ocrx_word' id='word_1_224' title='bbox 675 5161 855 5212; x_wconf 82' lang='lat' dir='ltr'><strong>VIIII.</strong></span> <span class='ocrx_word' id='word_1_225' title='bbox 890 5177 990 5210; x_wconf 90' lang='lat' dir='ltr'><strong>non</strong></span> <span class='ocrx_word' id='word_1_226' title='bbox 1003 5159 1137 5210; x_wconf 85' lang='lat' dir='ltr'><strong>uenit</strong></span> <span class='ocrx_word' id='word_1_227' title='bbox 1150 5158 1227 5209; x_wconf 73' lang='lat' dir='ltr'><strong>ihs</strong></span> <span class='ocrx_word' id='word_1_228' title='bbox 1241 5159 1413 5223; x_wconf 64' lang='lat' dir='ltr'><strong>sPGQ.</strong></span> <span class='ocrx_word' id='word_1_229' title='bbox 1454 5158 1618 5223; x_wconf 86' lang='lat' dir='ltr'><strong>legem</strong></span> 
     </span>
     <span class='ocr_line' id='line_1_30' title="bbox 610 5226 1114 5291; baseline -0.006 -13"><span class='ocrx_word' id='word_1_230' title='bbox 610 5229 701 5278; x_wconf 82' lang='lat' dir='ltr'><strong>sed</strong></span> <span class='ocrx_word' id='word_1_231' title='bbox 722 5226 977 5291; x_wconf 85' lang='lat' dir='ltr'><strong>adinplere</strong></span> <span class='ocrx_word' id='word_1_232' title='bbox 1000 5226 1114 5290; x_wconf 84' lang='lat' dir='ltr'><strong>GQ.</strong></span> 
     </span>
     <span class='ocr_line' id='line_1_31' title="bbox 675 5289 1604 5343; baseline -0.002 0"><span class='ocrx_word' id='word_1_233' title='bbox 675 5293 798 5343; x_wconf 91' lang='lat' dir='ltr'><strong>XII.</strong></span> <span class='ocrx_word' id='word_1_234' title='bbox 815 5296 1050 5341; x_wconf 68' lang='lat' dir='ltr'><strong>nimam</strong></span> <span class='ocrx_word' id='word_1_235' title='bbox 1062 5304 1100 5341; x_wconf 64' lang='grc' dir='ltr'><strong>-ι-</strong></span> <span class='ocrx_word' id='word_1_236' title='bbox 1116 5299 1203 5340; x_wconf 75' lang='lat' dir='ltr'><strong>tua</strong></span> <span class='ocrx_word' id='word_1_237' title='bbox 1216 5289 1284 5341; x_wconf 90' lang='lat' dir='ltr'><strong>G.</strong></span> <span class='ocrx_word' id='word_1_238' title='bbox 1317 5293 1553 5339; x_wconf 69' lang='lat' dir='ltr'><strong>dexter·</strong></span> <span class='ocrx_word' id='word_1_239' title='bbox 1566 5304 1604 5341; x_wconf 64' lang='grc' dir='ltr'><strong>-ι-</strong></span> 
     </span>
    </p>
   </div>
   <div class='ocr_carea' id='block_1_13' title="bbox 608 5359 1616 5483">
    <p class='ocr_par' dir='ltr' id='par_1_15' title="bbox 608 5359 1616 5483">
     <span class='ocr_line' id='line_1_32' title="bbox 608 5359 1616 5483; baseline -0.006 -8"><span class='ocrx_word' id='word_1_240' title='bbox 608 5359 827 5474; x_wconf 42' lang='lat' dir='ltr'>mxffil-</span> <span class='ocrx_word' id='word_1_241' title='bbox 874 5438 910 5476; x_wconf 72' lang='lat'>4</span> <span class='ocrx_word' id='word_1_242' title='bbox 924 5424 977 5473; x_wconf 87' lang='lat' dir='ltr'><strong>in</strong></span> <span class='ocrx_word' id='word_1_243' title='bbox 1021 5430 1140 5472; x_wconf 84' lang='lat' dir='ltr'><strong>ante</strong></span> <span class='ocrx_word' id='word_1_244' title='bbox 1178 5422 1403 5471; x_wconf 78' lang='lat' dir='ltr'><strong>oratione</strong></span> <span class='ocrx_word' id='word_1_245' title='bbox 1440 5421 1616 5483; x_wconf 67' lang='lat' dir='ltr'><strong>ffGQ.</strong></span> 
     </span>
    </p>
   </div>
   <div class='ocr_carea' id='block_1_14' title="bbox 596 5487 1613 5621">
    <p class='ocr_par' dir='ltr' id='par_1_16' title="bbox 596 5487 1613 5621">
     <span class='ocr_line' id='line_1_33' title="bbox 608 5487 1613 5551; baseline -0.006 -11"><span class='ocrx_word' id='word_1_246' title='bbox 608 5498 661 5540; x_wconf 91' lang='lat' dir='ltr'><strong>et</strong></span> <span class='ocrx_word' id='word_1_247' title='bbox 693 5489 758 5539; x_wconf 85' lang='lat' dir='ltr'><strong>de</strong></span> <span class='ocrx_word' id='word_1_248' title='bbox 790 5496 906 5541; x_wconf 68' lang='lat' dir='ltr'><strong>teas,</strong></span> <span class='ocrx_word' id='word_1_249' title='bbox 940 5491 996 5539; x_wconf 85' lang='lat' dir='ltr'><strong>in</strong></span> <span class='ocrx_word' id='word_1_250' title='bbox 1028 5488 1170 5539; x_wconf 83' lang='lat' dir='ltr'><strong>eaelo</strong></span> <span class='ocrx_word' id='word_1_251' title='bbox 1201 5488 1274 5536; x_wconf 86' lang='lat' dir='ltr'><strong>ad</strong></span> <span class='ocrx_word' id='word_1_252' title='bbox 1311 5492 1416 5551; x_wconf 81' lang='lat' dir='ltr'><strong>cap.</strong></span> <span class='ocrx_word' id='word_1_253' title='bbox 1455 5487 1613 5536; x_wconf 85' lang='lat' dir='ltr'><strong>XIIII</strong></span> 
     </span>
     <span class='ocr_line' id='line_1_34' title="bbox 596 5561 818 5621; baseline 0 -16"><span class='ocrx_word' id='word_1_254' title='bbox 596 5561 818 5621; x_wconf 68' lang='lat' dir='ltr'><strong>ponunt.</strong></span> 
     </span>
    </p>
   </div>
  </div>
 </body>
</html>
