4717 6400
987 841 1198 906 Dffoo
1219 857 1335 890 aar.

661 1592 951 1653 XXXIII.
1022 1592 1301 1651 Hominis
1384 1590 1662 1668 parabula

741 1686 1136 1747 discendentis
1163 1688 1240 1745 ab
1267 1685 1574 1745 ierusalem
1600 1685 1662 1743 in

743 1781 974 1841 Iericho
1001 1790 1060 1839 et
1088 1781 1292 1839 incidit
1318 1781 1379 1838 in
1409 1780 1663 1837 latrones

741 1875 871 1935 Dfis
915 1874 1058 1935 dixit
1106 1873 1366 1934 marthae
1412 1872 1662 1931 Mariam

740 1969 1023 2046 optimam
1051 1978 1278 2045 partem
1305 1967 1498 2043 elegit.

660 2624 977 2685 XXXIIII.
1035 2625 1112 2685 Et
1151 2624 1370 2686 Petitus
1404 2625 1513 2684 diis
1556 2624 1661 2683 do-

742 2721 859 2779 cuit
886 2719 1204 2797 discipulos
1238 2737 1405 2779 orare
1435 2730 1493 2777 et
1527 2736 1661 2795 pro-

738 2815 906 2891 ponit
926 2814 1268 2891 parabulam
1286 2813 1536 2890 petentis
1556 2832 1657 2872 ·111·

738 2926 920 2985 panes
948 2918 1007 2968 et
1036 2907 1176 2967 dicit
1202 2908 1379 2984 petite
1407 2916 1466 2966 et
1508 2907 1660 2966 acci·

740 3003 923 3079 pietiS.

658 3456 909 3518 XXXV.
980 3458 1058 3517 Et
1132 3458 1287 3518 Cum
1357 3457 1659 3517 Diceretur

737 3552 898 3630 quod
942 3552 1001 3610 in
1043 3552 1321 3611 belzebeb
1372 3553 1506 3611 iecit
1557 3554 1656 3612 de-

738 3646 938 3706 monia
982 3647 1123 3705 dixit
1169 3645 1366 3707 Omne
1409 3665 1655 3724 regnum

739 3740 1020 3800 diuissum
1064 3741 1376 3799 aduersum
1426 3759 1489 3799 se
1533 3759 1657 3800 non

739 3834 927 3892 stabit.

657 4220 939 4281 XXXVI.
983 4223 1073 4283 De
1110 4224 1281 4302 signo
1311 4225 1495 4285 Ionae
1521 4244 1655 4304 pro-

735 4317 884 4377 fetae
913 4328 972 4377 et
1002 4317 1241 4378 lucerna
1277 4321 1534 4397 corporis
1571 4321 1654 4379 tui

736 4410 941 4470 oculus
969 4420 1103 4472 tuus
1131 4425 1236 4472 est.

718 4660 969 4712 XXXIII.
1021 4661 1159 4711 ÷ubi
1194 4663 1318 4713 dicit
1348 4665 1420 4713 ad
1444 4664 1561 4714 init.
1588 4664 1651 4714 G.

651 4727 943 4790 parabulam
980 4728 1139 4792 ffGQ
1153 4745 1271 4780 aur.
1340 4733 1442 4779 ab:
1488 4731 1552 4780 de
1588 4731 1652 4780 G.

650 4796 819 4841 ierus.
848 4806 884 4842 4-
914 4793 1245 4844 discendentis
1261 4796 1406 4859 lapsu
1426 4796 1490 4845 D.
1560 4802 1649 4846 et:

685 4857 735 4906 ni
767 4873 884 4907 aur.
954 4862 1061 4908 dfis
1096 4863 1245 4909 dixit
1280 4861 1378 4909 inc.
1414 4861 1651 4911 XXXIII

703 4922 811 4986 (ubi
834 4924 882 4971 d.
901 4923 1217 4987 dns)Q(dixit
1239 4926 1339 4986 ins)
1363 4943 1477 4977 aur.
1502 4927 1650 4993 <dixit

649 4987 779 5050 dmi,
799 4989 899 5037 inc.
916 4989 1147 5039 XXXVI
1169 4991 1229 5039 ff
1246 4992 1392 5053 (dixit
1411 4992 1526 5054 ihs).
1582 4993 1649 5043 ad

649 5054 873 5102 marthae
894 5069 1012 5105 aur.

716 5118 998 5169 XXXIIII.
1021 5126 1197 5185 θὴρ-,ε
1222 5117 1646 5183 ubiG30b1.aur.

715 5183 933 5233 XXXV.
965 5185 1051 5234 nbi
1075 5186 1257 5237 dicitnr
1276 5188 1339 5238 G.
1408 5188 1648 5240 belzebub

651 5249 719 5310 G,
738 5249 1007 5300 beelzebub
1029 5252 1103 5310 ΞΡ,
1122 5252 1379 5304 beelzebul
1401 5255 1464 5318 Q.
1530 5255 1648 5306 eicit

648 5330 765 5365 aur.
790 5332 884 5365 om.
909 5320 1215 5367 aduersum
1237 5334 1298 5369 se
1323 5320 1390 5369 G.

712 5380 962 5431 XXXVI.
997 5381 1061 5432 de
1081 5383 1280 5448 signum
1304 5385 1482 5436 Gaur.
1551 5402 1646 5437 om.

647 5450 738 5495 tui
769 5446 818 5496 G
835 5463 952 5496 aur.
1024 5456 1080 5503 >
1099 5457 1174 5499 oet
1195 5450 1371 5500 oculus
1390 5458 1506 5502 tuus
1532 5453 1645 5517 (om.

647 5519 761 5561 tuus
784 5513 834 5561 G
854 5514 997 5576 aur.)
1021 5513 1181 5579 ffGQ
1200 5530 1317 5566 aur.

1812 670 2341 733 SECUNDUM
2378 668 2725 731 LUCAM.

2093 840 2131 889 J
2152 837 2436 904 (capitula).

1764 1594 2018 1654 XXXV.
2095 1595 2189 1654 De
2266 1592 2600 1671 legisperito
2671 1592 2773 1669 qui

1847 1692 2160 1767 quaerebat
2177 1690 2363 1748 uitam
2385 1697 2685 1747 aeternam
2714 1697 2772 1746 et

1847 1785 1919 1843 de
1976 1784 2216 1844 homine
2272 1783 2374 1860 qui
2444 1781 2642 1840 incidit
2709 1782 2770 1839 in

1852 1880 2127 1938 latrones·

1767 1972 2051 2031 XXXVI.
2109 1971 2229 2031 Ubi
2289 1970 2562 2030 dominus
2610 1971 2771 2028 uenit

1848 2067 1908 2124 in
1953 2067 2202 2126 domum
2252 2065 2472 2124 mariae
2518 2072 2577 2123 et
2619 2083 2768 2122 mar-

1847 2160 1999 2219 thae.

1765 2638 2080 2697 XXXVII.
2112 2638 2230 2698 Ubi
2252 2640 2429 2699 docet
2449 2638 2767 2716 discipulos

1846 2750 1987 2791 suos
2024 2751 2193 2792 orare
2234 2743 2292 2791 et
2334 2733 2436 2792 ubi
2485 2734 2765 2810 inpensus

1846 2845 2081 2886 oremus
2137 2826 2278 2886 dicit
2335 2838 2394 2887 et
2456 2828 2530 2887 de
2585 2827 2766 2887 tribus

1845 2921 2093 2998 panibus
2119 2921 2479 2998 parabolam.

1762 3471 2112 3531 XXXVIII.
2169 3470 2289 3530 Ubi
2337 3482 2572 3530 mutum
2630 3471 2765 3530 dae-

1845 3567 2111 3626 monium
2133 3565 2266 3624 eicit
2284 3575 2346 3624 et
2368 3566 2509 3625 dicit
2532 3566 2607 3624 de
2631 3565 2764 3625 forti

1845 3670 2069 3720 armato
2109 3669 2168 3719 et
2208 3660 2508 3719 inmundis
2556 3660 2763 3737 spiriti-

1844 3755 1954 3813 bus
1983 3765 2225 3831 septem.

1760 4222 2140 4282 XXXVIIII.
2187 4221 2279 4281 De
2327 4225 2534 4300 regina
2585 4226 2761 4286 austri

1842 4327 1901 4377 et
1921 4318 2057 4376 uiris
2079 4316 2333 4375 niniuitis
2353 4328 2413 4376 et
2430 4318 2503 4377 de
2525 4317 2762 4378 lucerna

1842 4423 1901 4471 et
1943 4411 2116 4471 oculo
2155 4411 2318 4487 quod
2355 4412 2593 4471 lucerna
2631 4432 2760 4474 cor-

1844 4507 2003 4584 poris
2032 4506 2119 4564 sit.

1873 4641 1921 4648 -—

3752 666 3875 749 289

2997 837 3048 886 K
3061 836 3219 887 Harl.
3246 845 3373 900 2790
3394 836 3559 886 Nunc.
3587 836 3762 886 Bamb.

2875 1584 3132 1643 XXXII.
3190 1584 3534 1646 Parabolam
3592 1583 3874 1644 uulnerati

2956 1680 3014 1737 in
3045 1679 3366 1740 latronibus
3394 1679 3688 1739 incidenti.

2873 1960 3162 2019 XXXIII.
3208 1960 3303 2018 De
3342 1961 3573 2020 martha
3607 1971 3665 2020 et
3692 1959 3874 2019 maria

2955 2056 3274 2116 sororibuS.

2873 2646 3197 2707 XXXIIII.
3240 2646 3359 2706 Ubi
3399 2648 3514 2709 dns
3555 2648 3874 2725 discipulos

2952 2743 3279 2802 orationem
3336 2743 3509 2802 docet
3557 2743 3651 2802 uel
3701 2744 3875 2802 trium

2954 2854 3175 2914 panum
3205 2836 3406 2913 figura.

2871 3480 3124 3538 XXXV.
3168 3480 3287 3540 Ubi
3316 3493 3542 3543 mutum
3570 3483 3871 3544 hominem

2952 3594 2987 3633 a
3015 3576 3304 3636 daemone
3333 3577 3585 3637 liberans
3619 3579 3679 3637 in
3712 3579 3869 3640 beel-

2950 3671 3141 3752 zebub
3203 3669 3394 3730 facere
3462 3673 3650 3732 iudaei
3713 3673 3869 3734 blas-

2949 3764 3249 3841 phemant.

2868 4045 3152 4104 XXXVI.
3197 4045 3315 4105 Ubi
3359 4047 3564 4108 mulier
3605 4049 3706 4110 ihu
3747 4050 3857 4110 cla·

2946 4141 3110 4200 mitat
3159 4144 3367 4201 beatus
3413 4153 3617 4203 uenter
3660 4145 3760 4223 qui
3788 4146 3868 4224 [te

2945 4234 3201 4310 portauit
3229 4244 3290 4293 et
3317 4236 3393 4295 de
3422 4237 3675 4298 lucerna.

2929 4693 3144 4745 XXXV.
3179 4698 3430 4746 liberans
3446 4708 3482 4744 -1-
3497 4703 3549 4747 et
3570 4698 3727 4747 Harl.

2931 4761 3174 4811 XXXVI.
3208 4761 3400 4812 ihesum
3413 4762 3562 4827 plene
3582 4763 3745 4811 Nanc.
