4717 6400
698 698 818 747 x11.
840 681 1069 771 25—31.J

628 868 686 907 ²⁵
705 871 823 923 (¹²²⁶
844 869 889 919 2)
937 872 1124 937 Iesus
1166 881 1393 936 autem
1436 872 1648 937 sciens
1692 873 2124 956 cogitationes

789 996 1021 1039 eorum
1052 976 1231 1040 dixit
1259 977 1353 1039 eis

704 1100 902 1144 omne
932 1101 1207 1163 regnum
1243 1080 1529 1144 diuisum
1561 1091 1790 1146 contra
1824 1100 1897 1145 se
1927 1080 2122 1145 deso-

792 1182 964 1246 latur

703 1297 772 1350 et
802 1286 1018 1350 omnis
1046 1285 1284 1350 ciuitas
1314 1285 1419 1350 uel
1446 1287 1688 1352 domus
1717 1287 1933 1352 diuisa
1966 1307 2123 1353 con-

791 1399 895 1454 tra
923 1411 996 1453 se
1027 1410 1160 1453 non
1191 1390 1401 1455 stabit

631 1485 771 1558 ”et
807 1495 862 1557 si
898 1504 1164 1558 satanas
1208 1504 1484 1559 satanan
1513 1494 1669 1558 eicit
1710 1494 2024 1559 aduersus
2053 1515 2123 1558 se

791 1597 1045 1663 diuisus
1075 1608 1176 1661 est

706 1701 1044 1783 quomodo
1072 1721 1234 1784 ergo
1265 1701 1469 1765 stabit
1500 1721 1775 1784 regnum
1806 1702 1946 1765 eius
1970 1706 1998 1764 Ρ

633 1805 687 1844 ²⁷
706 1817 775 1869 et
832 1805 889 1868 si
959 1825 1087 1888 ego
1163 1805 1230 1867 in
1295 1803 1661 1869 beelzebub
1725 1805 1896 1869 eicio
1968 1807 2123 1869 dae·

799 1928 1031 1971 mones

705 2011 825 2076 filii
854 2011 1058 2076 uestri
1087 2011 1155 2074 in
1184 2032 1321 2095 quo
1349 2011 1593 2076 eiciunt
1616 2017 1644 2074 ?

708 2116 858 2182 ideo
889 2117 1015 2198 ipsi
1045 2115 1292 2180 iudices
1320 2125 1508 2180 erunt
1538 2116 1735 2180 uestri

1287 684 1930 748 EUANGELIUM
1985 685 2509 748 SECUNDUM
2558 685 3122 748 MATTHEUM.
3627 682 3707 763 87

2236 870 2363 938 ²⁸si
2444 883 2667 938 autem
2737 894 2863 957 ego
2933 873 3001 958 in
3027 900 3033 906 ·
3076 873 3312 955 spiritu
3376 872 3484 936 dei
3554 871 3718 936 eicio

2393 978 2750 1041 daemones

2307 1080 2510 1162 igitur
2546 1080 2844 1163 peruenit
2876 1081 2941 1143 in
2971 1100 3091 1143 uos
3121 1100 3395 1162 regnum
3426 1079 3532 1143 dei

2236 1185 2286 1227 ²⁹
2306 1194 2422 1247 aut
2459 1185 2795 1266 quomodo
2835 1193 3061 1267 potest
3090 1184 3441 1265 quisquam
3487 1184 3728 1246 intrare

2400 1288 2465 1351 in
2496 1288 2777 1352 domurn
2810 1288 2997 1352 fortis

2308 1401 2378 1454 et
2408 1411 2570 1454 uasa
2598 1392 2739 1454 eius
2771 1392 3054 1474 diripere

2308 1495 2435 1557 nisi
2466 1494 2645 1577 prius
2675 1493 3045 1576 alligauerit
3074 1494 3362 1559 fortem?

2308 1607 2377 1662 et
2407 1607 2563 1662 tunc
2594 1599 2871 1663 domum
2903 1599 3076 1661 illius
3106 1599 3394 1682 diripiat.

2237 1699 2292 1739 ³⁰
2313 1700 2449 1784 Qui
2481 1722 2613 1765 non
2641 1713 2744 1766 est
2775 1722 3035 1765 mecum
3067 1712 3294 1767 contra
3325 1722 3430 1765 me
3453 1712 3554 1766 est

2310 1814 2379 1868 et
2406 1805 2523 1888 qui
2551 1827 2686 1869 non
2716 1815 3072 1888 congregat
3107 1828 3363 1871 mecum
3395 1807 3664 1889 spargit.

2238 1904 2291 1947 ⁸¹
2313 1907 2435 1959 (¹²²³-
2457 1908 2502 1956 2)
2552 1910 2716 1973 Ideo
2750 1910 2901 1974 dico
2933 1911 3124 1974 uobis

2312 2032 2510 2076 omne
2554 2023 2902 2096 peceatum
2938 2025 3004 2077 et
3049 2013 3461 2098 blasphemia
3506 2015 3729 2077 remit-

2397 2126 2575 2179 tetur
2605 2116 2981 2181 horninibus

708 2303 901 2380 cipern
944 2301 1404 2362 daemoniorum.
1472 2300 1519 2336 ’ὅ
1536 2305 1690 2363 iesus
1733 2312 1929 2363 autem
1970 2304 2162 2363 sciens
2215 2304 2605 2381 cogitationes
2647 2323 2868 2365 eorum.
2940 2304 3081 2363 dixit
3124 2305 3208 2363 eis
3256 2322 3433 2364 omne
3482 2323 3730 2381 regnum

708 2397 960 2456 diuisum
1002 2396 1312 2454 aduersum
1355 2397 1629 2475 seipsum.
1685 2398 2054 2459 desolabitur.
2122 2408 2180 2457 et
2221 2398 2418 2459 omnis
2459 2399 2664 2458 ciuitas
2705 2398 2800 2458 uel
2843 2399 3055 2458 domus
3098 2399 3286 2458 diuisa
3325 2399 3605 2458 aduersus
3647 2418 3728 2457 se.

711 2509 835 2551 non
889 2490 1076 2549 stabit.
1140 2490 1186 2523 ¹⁶
1202 2501 1259 2548 et
1309 2491 1355 2549 si
1406 2501 1640 2550 satanas
1686 2504 1934 2552 satanan
1988 2492 2139 2551 eicit.
2214 2492 2500 2552 aduersus
2554 2495 2937 2572 semetipsum
2999 2492 3219 2552 diuisus
3279 2505 3367 2551 est
3426 2493 3732 2570 quomodo

711 2604 853 2661 ergo
894 2586 1064 2643 stabit
1108 2603 1358 2661 regnum
1407 2587 1548 2645 eius.
1612 2587 1657 2620 ²⁷
1675 2586 1837 2664 quod
1881 2587 1930 2645 si
1970 2604 2084 2663 ego
2127 2587 2187 2644 in
2236 2585 2539 2646 beelzebul
2579 2589 2728 2647 eicio
2769 2587 3098 2647 daemonia.
3156 2587 3254 2645 filii
3294 2588 3470 2647 uestri
3503 2588 3564 2645 in
3608 2605 3730 2665 quo

712 2682 926 2738 eiciunt
978 2678 1128 2738 ideo.
1202 2680 1312 2755 ipsi
1374 2680 1595 2739 iudices
1658 2692 1827 2739 erunt
1888 2681 2083 2739 uestri.
2160 2680 2272 2739 ”si
2312 2690 2511 2740 autem
2549 2699 2665 2758 ego
2707 2683 2767 2740 in
2812 2682 3013 2759 spiritu
3063 2681 3156 2740 dei
3206 2682 3350 2740 eicio
3400 2682 3731 2741 daemonia.

712 2775 913 2851 utique
962 2774 1265 2851 praeuenit
1314 2775 1376 2831 in
1419 2792 1528 2833 uos
1586 2793 1834 2852 regnum
1894 2775 2007 2834 dei.
2076 2772 2123 2807 ¹⁹
2139 2787 2239 2834 aut
2282 2775 2588 2851 quomodo
2643 2785 2853 2853 potest.
2915 2776 3045 2852 quis
3100 2776 3315 2834 intrare
3367 2777 3428 2833 in
3485 2775 3730 2835 domum

712 2867 875 2927 sortis
928 2877 988 2926 et
1040 2884 1186 2925 uasa
1239 2867 1363 2926 eius
1418 2867 1681 2945 diripere.
1759 2869 1870 2928 nisi
1926 2869 2086 2945 prius
2136 2868 2459 2944 alligauerit
2510 2868 2721 2929 fortem
2762 2879 2820 2928 et
2864 2879 3002 2928 tunc
3045 2868 3292 2928 domum
3334 2870 3459 2928 eius
3501 2870 3730 2946 diripiet

712 2961 876 3040 ⁸⁰qui
933 2977 1054 3021 non
1103 2971 1190 3020 est
1251 2978 1501 3021 mecum.
1583 2971 1790 3022 contra
1842 2981 1938 3021 me
1995 2973 2097 3020 est.
2163 2972 2224 3020 et
2265 2963 2366 3040 qui
2408 2980 2530 3022 non
2574 2971 2898 3041 congregat
2946 2981 3177 3021 mecum
3228 2964 3462 3040 spargit.
3533 2961 3574 2996 ³¹
3592 2963 3730 3022 ideo

783 3168 859 3218 25·
895 3154 1028 3204 ieeus
1054 3153 1200 3217 lapsu
1222 3151 1282 3203 ς.
1351 3156 1501 3203 dixit
1532 3151 1749 3219 (εἶπεν);
1784 3156 1905 3206 dicit
1937 3156 1983 3204 E
2016 3154 2124 3220 (sed

712 3234 775 3283 ·it
813 3235 871 3283 in
907 3234 1047 3293 raa).
1114 3247 1208 3280 om.
1249 3234 1330 3280 eia
1373 3231 1429 3280 E.
1495 3238 1698 3307 ragnum
1750 3234 1808 3283 E.
1875 3233 2118 3282 diuissum

716 3312 831 3361 DR.
887 3316 1114 3361 eontra:
1147 3309 1387 3359 aduersus
1403 3310 1459 3358 F.
1507 3314 1796 3362 desolatur
1815 3311 2117 3376 (ἐρημοῦται)

714 3406 829 3439 cum
860 3389 1200 3438 ammon*
1219 3394 1266 3437 ct
1292 3389 1365 3437 sic
1393 3389 1797 3438 Durmachensis
1824 3396 1873 3438 et
1903 3389 2118 3440 Hieron.

719 3468 896 3524 (MSS.
917 3474 996 3531 ap.
1010 3465 1256 3529 Uallars.)
1274 3466 1444 3515 Bentl.
1461 3466 1501 3514 d
1514 3483 1526 3515 :
1562 3467 1869 3518 desolabitur
1881 3467 2120 3517 ABCDE

715 3542 1476 3608 FHoJKo-QRvaxvz‘
1507 3559 1585 3608 vg.
1619 3546 1780 3594 Τίσι-ᾗ.
1805 3551 1941 3605 uctt„
1978 3545 2117 3595 deso-

712 3623 898 3673 lauitur
921 3623 1050 3672 LO⁰.
1123 3629 1178 3677 >
1200 3621 1380 3671 domus
1410 3622 1492 3671 uel
1522 3623 1701 3672 ciuitas
1728 3625 1776 3672 D
1803 3624 1909 3685 (sed
1932 3623 2117 3687 impro-

714 3701 941 3763 ἀφανὴς
975 3715 1069 3748 om.
1092 3701 1189 3749 uel
1211 3698 1309 3761 1³¹⁸(
1325 3712 1362 3751 -ι-
1379 3700 1483 3763 Re).
1540 3700 1728 3750 diuissa
1745 3702 1812 3751 D.
1875 3708 1930 3757 >
1948 3709 2120 3750 contra

715 3793 771 3827 se
790 3778 951 3827 diuisa
974 3777 1032 3826 L.
1099 3776 1248 3826 stanit
1267 3777 1329 3826 O.
1486 3790 1495 3795 ·

786 3855 863 3905 26.
899 3862 957 3904 et
976 3858 1029 3903 ai
1053 3853 1157 3917 (καὶ
1182 3856 1247 3911 εί)
1264 3854 1416 3916 codd„
1438 3870 1516 3918 vg.
1540 3854 1663 3919 ets:
1699 3856 1741 3905 si
1763 3857 1900 3905 enim
1922 3855 2118 3919 DLQR

715 3949 827 3982 cum
861 3932 1033 3998 bffig.
1059 3948 1123 3997 q:
1157 3932 1220 3997 ej:
1252 3932 1374 3993 sia,
1411 3933 1453 3981 si
1487 3941 1652 3983 autem
1682 3932 1807 3998 d(cl
1838 3931 1891 3982 δὲ
1924 3931 2119 3993 καίΒ),

712 4012 758 4061 ai
779 4027 900 4076 ergo
918 4010 1022 4076 effi
1036 4011 1090 4067 Ιι,
1112 4011 1155 4058 si
1176 4018 1227 4060 et
1247 4011 1294 4059 k.
1351 4010 1584 4061 sathanas
1602 4012 1681 4061 W.
1740 4019 1967 4061 satanam
1983 4013 2017 4061 J
2036 4027 2116 4075 vg.

714 4093 853 4138 eicit
885 4086 1166 4149 (ἐκβάλλει)
1200 4088 1331 4136 codd.
1356 4103 1434 4151 vg.
1461 4089 1602 4152 (iecit
1634 4089 1747 4151 DL,
1770 4089 1917 4140 eiecit
1940 4089 2115 4149 EM'R,

712 4167 848 4217 eiicit
867 4166 929 4215 W
942 4180 1021 4228 vg.
1034 4165 1222 4222 Tisch.)
1241 4180 1254 4211 ε
1288 4166 1439 4215 eiciat
1456 4167 1511 4216 J.
1563 4166 1772 4217 diuissus
1790 4167 1905 4227 DR,
1920 4166 2119 4217 deuisus

716 4245 776 4293 L.
794 4246 1078 4302 quomodo
1100 4259 1113 4293 ε
1148 4243 1234 4307 ’(ῇῖ
1258 4244 1323 4292 D.
1392 4258 1528 4300 erto
1549 4251 1658 4308 sup.
1675 4245 1768 4294 lin.
1794 4244 1879 4300 M:
1911 4260 2005 4293 om.
2030 4245 2119 4293 ΞΡ*

715 4326 791 4386 (4-
806 4321 1011 4387 mg.)W.
1081 4324 1293 4371 stabit:
1327 4322 1538 4372 statuit?
1560 4322 1651 4381 0⁴¹,
1676 4324 1825 4373 stanit
1847 4323 1931 4373 0⁶.

786 4411 861 4464 27.
896 4415 990 4449 om.
1038 4405 1098 4449 et
1138 4400 1201 4463 Q.
1269 4413 1406 4457 ego:
1463 4415 1585 4464 ergo
1629 4401 1738 4450 LT.
1802 4402 2116 4452 beelzebub

714 4479 845 4529 codd.
876 4485 924 4527 et
953 4493 1050 4542 vg„
1087 4477 1327 4527 belzebub
1362 4478 1707 4528 DZPHLTY:
1744 4479 1970 4529 belzebul
2004 4479 2118 4543 QR,

715 4556 951 4607 beelzebu
973 4556 1033 4606 E.
1099 4555 1229 4605 iecio
1258 4556 1369 4615 DL,
1401 4555 1560 4604 eiecio
1589 4556 1650 4613 R,
1684 4556 1831 4606 eiicio
1851 4573 1930 4621 vg.
1953 4556 2115 4606 Τίσι-[ι.

715 4636 953 4685 demones
979 4633 1266 4682 DffLRW.
1335 4633 1410 4682 fili
1441 4634 1499 4683 E.
1566 4649 1659 4683 om.
1694 4634 1751 4683 in
1782 4649 1897 4693 quo
1928 4634 2002 4683 ad
2011 4633 2118 4699 fin.

715 4728 847 4763 κεν-τ.
864 4720 963 4776 per
977 4712 1379 4761 homoeoteleuton
1403 4709 1462 4760 L.
1520 4710 1700 4761 ieciunt
1719 4714 1788 4773 D,
1804 4714 2016 4762 eieciunt
2032 4713 2116 4774 M,

713 4792 917 4843 eiiciunt
950 4805 1027 4854 vg.
1061 4790 1224 4839 D'sclt.
1291 4792 1513 4839 iudices
1560 4797 1728 4859 erunt
1771 4793 1948 4841 uestri
1986 4791 2115 4840 codd.

705 4867 1012 4934 pL-nparul
1044 4864 1239 4916 ἔσονται
1274 4866 1407 4927 ὑμῶν
1439 4868 1625 4932 (NBD)
1662 4884 1775 4917 cum
1808 4884 1841 4917 a
1863 4868 1892 4916 b
1911 4868 2083 4934 dsffl.
2102 4902 2121 4929 2

710 4962 761 5010 g.
782 4946 817 4995 Ιι
839 4946 874 4994 k
894 4947 920 4994 l
938 4961 1002 5010 q:
1042 4952 1097 5000 >
1117 4944 1309 4994 iudices
1328 4944 1479 4994 uestri
1502 4954 1640 4994 erunt
1663 4945 1879 4995 ΒΕΘΝΓ
1898 4962 1975 5010 vg.
2002 4963 2116 4995 cum

714 5039 804 5088 cg,
823 5030 871 5074 et
882 5038 966 5088 gr.
991 5036 1034 5073 1.
1057 5037 1180 5085 1243
1221 5030 1276 5079 >
1296 5033 1437 5072 erunt
1458 5023 1646 5072 iudices
1667 5024 1815 5073 uestri
1840 5024 1963 5084 RT;
1996 5025 2120 5073 aliis

715 5102 874 5150 modis
913 5101 1087 5165 graeci
1126 5100 1279 5150 etiam
1327 5101 1559 5160 uariant,
1610 5108 1657 5151 et
1700 5101 1934 5166 plurimi
1985 5102 2120 5159 ὑμῶν

715 5177 910 5229 ἔσονται
943 5178 1118 5241 κριταί.

787 5258 862 5307 28.
896 5272 1002 5315 ego
1031 5261 1094 5306 in
1124 5260 1333 5314 spiritu
1366 5258 1462 5306 dei
1489 5256 1620 5305 codd.
1640 5256 1758 5320 fere
1785 5271 1950 5306 omnes
1969 5264 2018 5306 et
2037 5272 2115 5322 vg.

722 5334 798 5398 (di
839 5334 950 5384 sine
993 5335 1178 5384 lineola
1213 5334 1282 5394 V)
1316 5350 1429 5383 cum
1475 5334 1777 5383 minusculis
1819 5335 2115 5399 quibusdam

710 5414 908 5476 graecis
927 5413 1273 5478 etsmsyrfl:
1314 5412 1440 5469 >in
1465 5412 1642 5476 spiritu
1664 5412 1746 5463 dei
1768 5428 1863 5477 ego
1891 5414 1982 5463 LR
2004 5429 2116 5462 cum

721 5492 1015 5541 maiusculis
1034 5491 1231 5554 graeca}
1263 5498 1311 5540 et
1342 5507 1375 5538 a
1396 5491 1525 5556 dffi.
1545 5524 1563 5551 2
1584 5492 1617 5539 h
1641 5507 1703 5556 q3
1742 5492 1793 5540 in
1827 5491 2003 5556 spiritu
2036 5493 2117 5541 dei

2329 3157 2445 3219 (om.
2484 3159 2610 3218 ego)
2649 3156 2677 3205 b
2698 3171 2807 3220 cg„
2876 3155 3006 3205 iecio
3041 3156 3153 3214 DL.
3191 3157 3311 3206 eitio
3345 3156 3428 3217 W,
3468 3157 3615 3208 eiieio
3647 3173 3727 3223 vg.

2334 3232 2495 3281 Tisch.
2565 3233 2802 3285 demones
2836 3234 3144 3295 Dff’LRw3
3177 3235 3443 3285 daemonia
3473 3236 3535 3299 Q.
3602 3252 3725 3295 per·

2325 3314 2486 3359 uenit
2501 3310 2800 3361 coddomnes
2812 3320 2860 3362 et
2877 3328 2955 3376 vg.
2973 3335 3012 3353 ==
3026 3310 3209 3376 ἔφθασε
3226 3313 3641 3377 sedadpropiauit
3656 3330 3689 3362 a
3701 3313 3731 3363 b

2327 3388 2600 3452 (adprip.?)
2623 3404 2650 3437 c
2655 3388 2744 3454 βξ.
2764 3421 2783 3449 2
2795 3406 2851 3454 g,
2874 3391 2929 3452 h,
2950 3389 3370 3456 adpropinquauit
3393 3407 3443 3439 m
3467 3408 3516 3456 q,
3534 3391 3727 3442 adcele-

2325 3466 2453 3514 rauit
2470 3466 2523 3524 k,
2539 3473 2587 3516 et
2608 3468 2864 3532 praeuenit
2878 3469 2919 3516 d
2917 3467 2969 3532 f
2974 3469 3107 3533 quod
3118 3470 3289 3518 ceteris
3304 3470 3486 3518 melius
3502 3469 3723 3519 uidetur.

2325 3540 2510 3605 ἔφθασε
2564 3545 2652 3593 hoc
2705 3561 2853 3594 sensu
2900 3546 3101 3610 gemino
3154 3547 3250 3595 loco
3302 3547 3364 3595 ab
3417 3548 3729 3610 Hieronymo

2324 3621 2561 3670 redditur
2590 3624 2842 3686 praeuenit
2874 3624 2997 3673 Luc.
3030 3624 3093 3672 xi.
3124 3638 3185 3675 2ο
3211 3625 3316 3687 (sed
3341 3640 3392 3673 u.
3412 3625 3444 3673 l.
3479 3626 3724 3689 peruenit)

2323 3704 2374 3746 et
2396 3711 2417 3746 1
2455 3699 2618 3747 Thess.
2643 3700 2698 3748 ii.
2728 3699 2788 3749 16
2812 3707 2860 3750 et
2880 3702 2942 3750 iv.
2974 3713 3050 3764 15.
3119 3702 3239 3750 Alio
3267 3718 3416 3751 sensu
3437 3701 3635 3764 φθάνειν
3657 3710 3729 3753 est

2324 3777 2579 3838 peruenire
2602 3777 2744 3825 Rom.
2771 3778 2836 3826 ix.
2862 3792 2940 3840 31,
2973 3791 2998 3826 2
3031 3779 3143 3828 Cor.
3166 3795 3211 3827 x.
3236 3792 3310 3842 14,
3335 3781 3527 3845 Philzjo.
3553 3780 3623 3830 iii.
3648 3782 3724 3830 16.

2394 3866 2471 3918 29.
2505 3860 2694 3912 potest
2737 3860 3036 3915 quisquam
3075 3856 3307 3921 (quisqua
3353 3858 3426 3919 K)
3459 3881 3500 3899 ===
3530 3857 3726 3908 δύναταί

2323 3947 2427 3980 res:
2475 3932 2584 3995 quis
2620 3940 2787 3997 potest
2823 3933 2869 3981 R
2906 3948 2969 3982 ex
2998 3948 3175 3997 graeco
3209 3935 3338 3984 male
3377 3936 3617 3988 intellecto
3653 3955 3727 3987 τις

2323 4007 2520 4057 δύναται
2547 4014 2592 4056 Δ
2614 4010 2873 4075 quisquam
2898 4017 3064 4075 potest
3085 4013 3144 4070 ὃς
3177 4013 3237 4078 cf
3262 4014 3467 4079 quisque
3491 4023 3656 4079 potest
3670 4031 3726 4080 g,

2327 4087 2507 4147 (solum
2542 4096 2628 4136 aut
2660 4089 2770 4151 quis
2801 4095 2967 4152 potest
3004 4090 3114 4139 sine
3152 4091 3406 4154 quomodo
3445 4092 3520 4154 Ιι).
3595 4100 3649 4149 >
3671 4094 3726 4142 in

2323 4164 2478 4213 domo
2501 4165 2613 4225 (sic)
2644 4165 2787 4214 fortis
2819 4166 3001 4216 intrare
3036 4166 3097 4228 E,
3130 4167 3190 4232 ‘f
3227 4167 3291 4216 εἷς
3324 4167 3416 4229 τὴν
3449 4168 3603 4217 οἰκίαν
3632 4171 3725 4219 τοῦ

2323 4241 2527 4305 ἰσχυροῦ
2559 4241 2797 4291 εἰσελθεῖν
2820 4249 2865 4291 Δ
2894 4251 2943 4293 et
2974 4245 3015 4292 δ.
3083 4260 3231 4294 uassa
3256 4246 3593 4308 DE⁰?:·1²LR‚
3612 4253 3724 4297 ua*

2283 4367 2286 4371 .
2324 4321 2389 4369 Ο.
2456 4319 2709 4384 dirillpere
2752 4321 2803 4370 A
2851 4324 2974 4383 (ras.
3021 4322 3182 4371 unius
3224 4323 3350 4384 ΗΑ),
3400 4323 3619 4389 deripere
3662 4326 3720 4374 L.

2323 4398 2620 4462 adligauerit
2668 4401 2733 4449 D.
2821 4401 3061 4449 fortem:
3113 4400 3241 4450 forte
3281 4401 3351 4451 H.
3438 4402 3618 4452 domus
3660 4405 3723 4453 E.

2324 4480 2483 4525 illius
2505 4478 2632 4526 codd.
2646 4478 2793 4542 plur.
2816 4483 2865 4526 et
2883 4493 2992 4541 vg.:
3027 4479 3133 4528 eius
3157 4478 3419 4528 DEK*W.
3488 4483 3724 4539 diripiat

2325 4554 2587 4618 (διὰρπάσῃ
2641 4556 2693 4604 T
2685 4554 2802 4605 isch.
2848 4572 2961 4605 cum
3003 4556 3280 4608 RDGKI'I*
3323 4565 3425 4619 etc„
3469 4557 3720 4623 διαρπάσαι

2326 4634 2394 4696 Δ)
2452 4648 2566 4682 cum
2618 4634 2753 4682 ABF
2759 4633 2849 4682 HJ
2857 4634 3099 4683 KOXYZ
3115 4651 3130 4682 t
3193 4635 3392 4699 diripiet
3449 4635 3722 4697 (διαρπάσει

2314 4725 2397 4774 gr.
2420 4710 2994 4760 BCELMSUVXI'IPS'
3009 4719 3058 4760 et
3078 4712 3154 4761 W.
3174 4713 3272 4773 H.)
3298 4713 3340 4762 C
3348 4714 3722 4764 DESPQLMM’

2325 4788 2538 4852 QTVW
2557 4805 2634 4852 vg.
2664 4791 2716 4837 Τ
2708 4790 2857 4846 isch.;
2890 4790 3064 4854 eripiet
3088 4791 3150 4839 R.

2392 4880 2472 4927 30.
2505 4870 2605 4924 qui
2643 4879 2681 4916 4-
2715 4868 2848 4917 enim
2905 4869 3177 4920 DffwLR.
3257 4885 3449 4920 meeum
3506 4879 3581 4921 est
3637 4871 3719 4920 W.

2323 4950 2627 5003 congregat
2647 4961 2658 4993 :
2683 4945 2876 5009 colligit
2891 4946 2975 5007 W,
2991 4946 3052 5011 (fi
3069 4946 3268 5012 gouiglt
3285 4948 3331 4996 d.
3388 4965 3479 4998 om.
3500 4964 3722 4999 meeum

2322 5037 2410 5070 sec.
2429 5023 2485 5070 L.
2534 5023 2773 5087 dispargit
2788 5023 2940 5088 ELQ.
2979 5025 3133 5074 Hanc
3148 5026 3398 5075 lectionem
3415 5028 3566 5075 etiam
3573 5034 3722 5091 prae·

2309 5100 2459 5164 j'crre
2480 5100 2688 5149 uidetur
2705 5117 2830 5151 corr.
2856 5109 2965 5152 nat.
2988 5102 3074 5151 sed
3091 5118 3191 5151 non
3215 5120 3372 5168 marg.

2393 5192 2472 5240 31.
2504 5178 2764 5247 blasfemia
2788 5180 3005 5239 DH'LR,
3031 5181 3337 5245 blasphemie
3361 5181 3437 5229 V*
3464 5183 3571 5245 (sed
3591 5200 3720 5235 corr.

2325 5256 2432 5315 ν’),
2475 5256 2849 5320 blasphaemiae
2889 5259 2946 5317 E,
2990 5259 3245 5327 blasfemie
3284 5258 3343 5309 T.
3409 5261 3723 5312 remittentur

2325 5334 2430 5395 EL,
2454 5335 2723 5384 remittitur
2747 5335 2817 5384 H.
2882 5339 3116 5393 spiritus
3147 5350 3196 5385 a.
3219 5342 3297 5388 bl.
3321 5354 3375 5388 n.
3399 5344 3721 5389 remittetur

2322 5429 2416 5463 om‚
2430 5414 2465 5463 J
2472 5413 2545 5478 R(
2561 5427 2595 5461 ÷
2610 5419 2696 5477 spe
2714 5413 2950 5463 blafemia
2970 5430 3068 5463 non
3091 5414 3371 5465 dimittetur
3391 5433 3517 5467 corr.
3530 5434 3638 5467 sax.
3660 5419 3718 5467 in

2325 5494 2443 5555 mg.)
2464 5508 2578 5540 cum
2593 5494 2788 5555 graecis
2806 5494 2851 5542 X
2870 5495 2927 5542 al
2941 5490 2960 5518 ⁸
2976 5500 3024 5542 et
3042 5510 3075 5542 a
3085 5510 3139 5557 g,
3156 5495 3190 5543 l.
3236 5496 3414 5544 Etiam
3439 5495 3721 5545 hominibus
