4717 6400
944 687 1032 749 42
1556 671 2200 737 EUANGE'LIUM
2250 674 2782 737 SECUNDUM
2823 674 2966 737 MA
2985 674 3396 737 TTHEUM.
3736 682 3799 746 [Ι.
3830 696 3955 749 2—7.

904 857 1268 924 ²abraharn
1298 860 1526 942 genuit
1558 860 1733 924 isaac

948 963 1126 1027 isaac
1152 974 1379 1027 autern
1408 966 1637 1047 genuit
1666 965 1857 1030 iacob

2543 882 2826 927 naasson
2857 872 3080 927 autem
3110 863 3339 945 genuit
3368 860 3625 927 salmon

2500 966 2805 1031 ⁵salmon
2915 976 3138 1030 autem
3242 966 3469 1049 genuit
3578 965 3749 1029 booz
3866 965 3954 1027 de

950 1067 1142 1131 iacob
1182 1078 1407 1131 autem
1455 1069 1686 1151 genuit
1738 1068 1963 1133 iudam
2012 1080 2078 1133 et
2120 1069 2353 1135 fratres

1037 1171 1177 1234 eius

904 1274 1141 1339 ³iudas
1186 1284 1411 1340 autem
1447 1275 1678 1359 genuit
1710 1274 1946 1358 phares
1989 1289 2056 1341 et
2087 1299 2239 1342 zara
2271 1280 2356 1343 de

1039 1377 1302 1442 thamar

946 1482 1191 1566 phares
1221 1492 1445 1546 autern
1473 1484 1700 1566 genuit
1732 1504 1948 1547 esrom

949 1606 1169 1651 esrom
1194 1597 1422 1650 autem
1453 1587 1684 1669 genuit
1714 1607 1899 1650 aram

820 1732 824 1737 ·
896 1690 931 1729 ⁴
949 1711 1133 1756 aram
1163 1700 1386 1756 autem
1416 1692 1645 1773 genuit
1673 1691 2028 1756 aminadab

947 1796 1306 1859 aminadab
1336 1807 1560 1859 autem
1590 1796 1818 1878 genuit
1848 1816 2130 1860 naasson

2634 1069 2880 1135 rachab

2544 1174 2715 1238 booz
2747 1185 2971 1237 autem
3001 1172 3228 1256 genuit
3266 1173 3442 1237 obed
3471 1193 3558 1236 ex
3590 1172 3742 1236 ruth

2548 1279 2722 1342 obed
2760 1289 2985 1341 autem
3020 1277 3250 1360 genuit
3283 1277 3449 1340 iesse

2549 1383 2714 1445 iesse
2741 1391 2968 1446 autem
2997 1382 3223 1464 genuit
3255 1380 3458 1445 dauid
3485 1399 3712 1463 regern

2504 1488 2530 1526 ⁶
2549 1486 2750 1549 dauid
2782 1495 3008 1550 autem
3040 1505 3160 1548 rex
3190 1484 3420 1566 genuit
3448 1485 3859 1548 salomonem
3949 1477 3953 1480 ⁴

2633 1610 2726 1653 ex
2761 1609 2840 1653 ea
2867 1609 3041 1671 quae
3068 1588 3192 1651 fuit
3224 1588 3404 1651 uriae

2503 1705 2531 1745 ⁷
2551 1692 2851 1758 salomon
2882 1701 3106 1755 autem
3137 1691 3366 1774 genuit
3401 1691 3679 1755 roboam

2550 1798 2829 1861 roboam
2863 1806 3087 1860 autem
3116 1796 3347 1878 genuit
3378 1795 3532 1859 abia

948 1987 1149 2046 isaach
1189 1996 1403 2046 autem.
1473 1988 1674 2063 genuit
1714 1988 1901 2048 iacob.
1985 1989 2160 2049 iacob
2187 2002 2384 2051 autem
2419 1991 2620 2067 genuit
2649 1988 2861 2048 iudam.
2918 1999 2978 2047 et
3024 1987 3226 2046 fratres
3257 1986 3402 2045 eiua.
3483 1984 3510 2017 ³
3528 1985 3695 2044 iudas
3740 1995 3953 2045 autem.

948 2082 1151 2157 genuit
1183 2080 1395 2158 phares
1437 2091 1495 2140 et
1537 2099 1669 2139 zara
1712 2100 1786 2140 ex
1830 2082 2074 2142 thamar.
2141 2085 2351 2160 phares
2393 2096 2606 2144 autem.
2677 2082 2878 2161 genuit
2921 2098 3134 2140 ezrom.
3217 2097 3416 2139 ezrom
3458 2089 3672 2139 autem.
3756 2080 3957 2155 genuit

948 2192 1130 2234 aram.
1212 2175 1235 2206 ⁴
1253 2192 1413 2233 aram
1472 2185 1668 2233 autem
1724 2176 1926 2252 genuit
1981 2178 2311 2237 aminadab.
2396 2176 2710 2237 aminabad
2780 2186 2994 2234 autem.
3075 2174 3275 2250 genuit
3343 2191 3614 2232 naasson.
3699 2190 3956 2232 naasson

948 2278 1161 2328 autem.
1243 2269 1449 2346 genuit
1477 2269 1723 2328 salmon.
1806 2270 1829 2302 ⁶
1851 2269 2081 2329 salmon
2118 2282 2314 2339 autem
2351 2271 2555 2350 genuit
2592 2271 2762 2330 booz.
2845 2269 2919 2328 de
2959 2266 3193 2327 rachab.
3276 2267 3428 2326 booz
3470 2276 3683 2325 autem.
3750 2266 3955 2342 genuit

948 2362 1131 2423 obeth
1201 2380 1275 2421 ex
1347 2362 1494 2421 ruth.

947 2456 1162 2516 ‘dauid
1201 2463 1397 2516 autem
1430 2474 1550 2515 rex.

947 2650 1102 2699 scribi
1132 2650 1251 2699 solet
1283 2650 1637 2715 hierosolyma,
1670 2658 1755 2702 etc.
1793 2654 1968 2715 (etiam
2001 2655 2061 2704 in
2093 2655 2350 2720 Hispanis

946 2726 1320 2791 iherosolyma),
1399 2728 1654 2790 iohannes,
1738 2732 2072 2792 emmannhel‚
2153 2733 2348 2794 israhel,

948 2805 1189 2855 abraham
1233 2812 1280 2855 et
1315 2806 1513 2855 similia
1557 2809 1720 2857 multa
1764 2810 1856 2858 ubi
1895 2811 1956 2859 in
1990 2811 2214 2861 Hebraeo
2257 2818 2352 2861 aut

948 2884 1122 2933 saltem
1141 2883 1200 2932 in
1221 2884 1402 2932 Graeco
1417 2884 1660 2950 aspiratio
1683 2887 1770 2935 uel
1784 2888 1915 2937 absit
1935 2890 2023 2938 uel
2041 2890 2209 2939 minus
2229 2897 2353 2941 recte

949 2962 1214 3011 scribatur.
1283 2961 1469 3011 Hiesus
1496 2962 1682 3026 forsan
1715 2971 1897 3029 parem
1938 2983 2053 3016 cum
2095 2969 2351 3033 scriptura

950 3040 1082 3089 iesus
1117 3046 1326 3089 aetatem
1365 3041 1521 3100 habet,
1564 3057 1679 3091 cum
1716 3043 1775 3092 in
1813 3044 1968 3095 codice
2003 3046 2243 3097 Bobiensi
2274 3048 2348 3108 (k)

948 3117 1126 3167 Marci
1187 3124 1236 3168 et
1292 3119 1518 3168 Matthei
1567 3120 1848 3184 saepissime
1903 3132 1992 3172 111⁸
2044 3131 2093 3174 et
2156 3125 2352 3175 similia

947 3203 1225 3261 appareant
1250 3198 1420 3258 (semel
1443 3204 1646 3248 tantum
1681 3208 1778 3248 111ιι
1805 3208 1852 3250 et
1883 3202 2020 3267 YHn),
2045 3210 2094 3253 et
2118 3205 2268 3253 semel
2292 3205 2351 3254 in

948 3275 1245 3325 Monacensi
1253 3275 1658 3339 Euangeliorum
1679 3279 1753 3343 (q)
1768 3281 1828 3328 in
1842 3281 1964 3332 Luc.
1979 3281 2044 3332 iv,
2060 3295 2083 3330 1
2104 3282 2356 3332 scribatur

951 3364 1064 3401 ms·
1133 3352 1320 3402 Hiesus
1340 3353 1493 3402 etiam
1515 3354 1773 3405 interdum
1796 3359 1946 3422 plene
1966 3360 2182 3423 scriptus
2202 3368 2273 3409 est
2293 3361 2352 3409 in

949 3431 1153 3494 Speculo
1184 3431 1475 3495 Augustini
1504 3432 1578 3482 ed.
1616 3433 1870 3484 Weiltriclz
1905 3437 2143 3498 (Uindob.
2183 3440 2353 3501 1887).

948 3508 1019 3557 In
1068 3507 1310 3557 codicibus
1359 3510 1544 3558 nostris
1591 3510 1665 3559 ad
1708 3512 1831 3562 Luc.
1872 3513 1945 3563 iii.
1991 3528 2052 3579 29
2098 3515 2170 3564 fili
2214 3516 2353 3566 hiesu

946 3585 1137 3648 legitur
1164 3585 1227 3634 in
1268 3584 1669 3649 ΘΗΘΜΜῸΧ,
1704 3596 1753 3639 et
1785 3592 1983 3655 saepius
2020 3593 2079 3642 in
2118 3595 2352 3655 Cauensi,

948 3661 1046 3728 qui
1074 3661 1198 3712 huic
1234 3663 1449 3724 litterae,
1483 3666 1751 3730 praecipue
1790 3668 1850 3717 in
1885 3668 2038 3719 initio
2068 3671 2354 3728 uerborum.

946 3740 1321 3792 addictissimus
1362 3748 1446 3802 est,
1492 3759 1531 3792 e.
1541 3758 1594 3807 g.
1634 3745 1743 3794 M.
1777 3761 1859 3794 xx.
1896 3761 1975 3809 30,
2012 3762 2090 3810 32,
2134 3749 2234 3799 xxi.
2272 3749 2348 3811 16,

948 3817 1068 3867 xxii.
1107 3831 1200 3878 ²03
1232 3825 1281 3868 et
1311 3821 1423 3870 Act.
1456 3820 1540 3870 vii.
1571 3835 1636 3885 45
1671 3838 1784 3872 cum
1818 3824 1959 3874 hiesu
1998 3827 2187 3891 leg-itur
2216 3828 2275 3876 in
2308 3827 2353 3878 F

952 3895 1069 3961 (qui
1081 3897 1421 3960 genealogiam
1443 3899 1610 3949 Lucae
1631 3917 1734 3950 non
1755 3902 1937 3964 habet).

1021 3974 1212 4023 Contra
1240 3974 1404 4025 ihesus
1424 3978 1573 4040 plene
1601 3979 1818 4043 scriptus
1838 3981 1938 4030 uix
1963 3989 2082 4031 ante
2100 3984 2352 4032 saeculum

944 4052 1216 4117 septimum
1240 4053 1526 4113 inuenitur,
1553 4062 1614 4103 ut
1634 4056 1692 4105 in
1715 4057 1811 4109 cod.
1838 4060 2061 4108 Actuum
2084 4060 2354 4110 Laudiano

954 4129 1222 4191 (saec.vii.),
1239 4131 1297 4179 in
1305 4132 1483 4195 priori
1493 4133 1623 4182 libri
1624 4140 1775 4198 parte
1783 4151 1809 4194 ,·
1829 4136 1915 4185 sed
1919 4136 2081 4185 scriba
2095 4138 2352 4187 interdum

950 4223 1129 4258 uersus
1170 4208 1390 4257 medium
1436 4209 1625 4259 librum
1670 4212 1728 4260 in
1771 4213 1936 4263 hiesus
1976 4214 2196 4278 corrigit,
2250 4231 2354 4280 qua

932 4286 1115 4352 forma
1146 4292 1336 4350 semper
1355 4287 1412 4335 in
1445 4289 1659 4338 secunda
1686 4297 1837 4354 parte
1874 4292 2062 4353 utitur,
2094 4299 2157 4342 ut
2186 4294 2357 4343 credas

952 4364 1123 4423 illum,
1147 4379 1364 4413 errorem
1385 4365 1652 4428 dedoctum‚
1674 4368 1982 4433 scripturam
2016 4370 2183 4420 ihesus
2212 4372 2355 4420 dam·

946 4441 1171 4492 mais-se.
1238 4442 1309 4491 In
1330 4444 1600 4493 Amiatino
1621 4445 1778 4508 (circa
1801 4460 1853 4497 A.
1871 4459 1926 4496 D.
1953 4449 2069 4511 700)
2096 4455 2144 4498 et
2173 4450 2354 4498 assecla

950 4521 1063 4574 eius
1083 4518 1505 4584 Lindissarnensi
1517 4522 1630 4584 (Y),
1654 4523 1822 4574 ihesus
1843 4527 1994 4575 semel
2010 4533 2215 4591 apparet
2228 4528 2351 4577 Luc.

952 4598 1022 4648 iii.
1052 4610 1129 4661 29.
1195 4596 1408 4661 Saepius
1439 4599 1653 4650 habetur
1682 4602 1742 4650 in
1774 4602 2041 4668 Hispanas,
2074 4619 2180 4668 e.g.
2214 4604 2273 4654 in
2307 4605 2350 4655 C

951 4679 1108 4730 Matt.
1146 4673 1216 4724 iii.
1246 4689 1321 4738 15,
1358 4675 1424 4726 iv.
1458 4686 1501 4739 7,
1538 4677 1641 4728 viii.
1675 4697 1724 4740 4,
1757 4693 1834 4742 14,
1870 4694 1946 4740 20,
1982 4680 2050 4732 xi.
2084 4695 2163 4744 25,
2195 4681 2279 4732 xii.
2308 4694 2351 4739 1,

952 4755 1083 4806 xxvi.
1111 4753 1196 4819 64,
1226 4754 1374 4804 xxvii.
1403 4767 1445 4814 1,
1476 4768 1566 4815 115
1609 4757 1777 4807 Marc.
1807 4757 1861 4807 ii.
1900 4772 1975 4821 15,
2008 4775 2056 4810 v,
2092 4757 2184 4822 363
2228 4761 2352 4812 Luc.

954 4832 1025 4882 iii.
1063 4846 1125 4898 29
1157 4839 1206 4884 et
1232 4832 1376 4891 alibi,
1403 4838 1451 4882 et
1481 4834 1539 4882 in
1569 4834 1616 4882 T
1647 4836 1801 4885 Mott.
1836 4836 1955 4885 xxii.
1992 4850 2071 4898 20,
2102 4838 2235 4887 xxvi.
2268 4836 2351 4902 64,

952 4911 1118 4960 Marc.
1141 4911 1193 4960 ii.
1223 4923 1301 4975 19,
1323 4911 1447 4960 Luc.
1470 4911 1541 4961 iii.
1569 4926 1631 4976 ²9
1650 4919 1700 4961 et
1719 4913 1861 4963 alibi.

1019 4988 1089 5037 In
1110 4988 1242 5038 codd.
1263 4989 1619 5042 recentioribus
1646 4997 1695 5040 et
1722 4990 1826 5041 edd.
1855 4992 2231 5056 antiquissimis
2248 5007 2352 5042 non

953 5081 1140 5116 rarum
1161 5073 1233 5115 est
1258 5073 1321 5115 ut
1348 5067 1408 5116 in
1433 5068 1497 5116 W
1520 5069 1676 5118 Matt.
1695 5068 1800 5120 viii.
1820 5082 1861 5130 7,
1883 5070 1972 5135 Jo.
1997 5070 2068 5119 iii.
2092 5084 2140 5132 5,
2163 5086 2242 5119 xx.
2274 5084 2353 5133 15,

950 5143 1054 5193 xxi.
1092 5157 1171 5203 10,
1204 5150 1287 5194 etc.
1320 5151 1371 5194 et
1401 5145 1461 5194 in
1499 5145 1800 5195 editionibus
1832 5163 1959 5211 quae
1996 5147 2132 5197 mihi
2155 5154 2356 5212 praesto

948 5228 1078 5274 sunt
1119 5222 1212 5272 Fr.
1250 5222 1309 5271 de
1344 5222 1611 5272 Hailbrun
1650 5230 1699 5273 et
1739 5225 1857 5274 Nic.
1896 5225 1954 5275 de
1992 5226 2353 5291 Franlffordia,

964 5300 1135 5351 Uenet.
1163 5299 1306 5363 1476,
1338 5306 1387 5349 et
1416 5301 1568 5353 Leon.
1601 5300 1745 5350 Wild
1769 5302 1827 5351 de
1860 5302 2151 5364 Ratisbona,
2183 5304 2352 5355 Uenet.

960 5378 1104 5441 1481,
1138 5394 1266 5443 quae
1307 5379 1447 5428 inter
1488 5377 1567 5429 ins
1611 5376 1745 5441 (ilius
1780 5379 1933 5429 ettam
1977 5380 2269 5443 Hailbrun)
2305 5388 2354 5431 et

954 5455 1121 5506 ihesus
1152 5455 1441 5522 fluctuant.
1520 5458 1634 5508 Nic.
1674 5457 1737 5507 K
1729 5457 1870 5520 eslcr,
1919 5458 2083 5507 Basil.
2134 5460 2257 5523 1485
2302 5466 2354 5510 et

1590 2363 1773 2422 obeth
1848 2374 2047 2424 autem
2124 2367 2329 2443 genuit
2403 2366 2607 2425 iessae.
2688 2364 2877 2422 iessae
2952 2372 3150 2421 autem
3222 2361 3423 2437 genuit
3489 2360 3670 2418 dauid
3737 2378 3956 2435 regem.

1654 2458 1853 2535 genuit
1894 2459 2280 2520 salomonem.
2349 2479 2425 2519 ex
2465 2478 2536 2517 ea
2573 2476 2726 2535 quae
2763 2456 2869 2515 fuit
2910 2457 3087 2515 uriae.
3166 2452 3193 2488 '¹
3212 2453 3484 2512 salomon
3516 2462 3713 2511 autem
3754 2454 3957 2529 genuit

2551 2652 2766 2703 Hieron.
2810 2649 2868 2699 de
2930 2646 3218 2713 Paganinis
3279 2645 3406 2697 Uen.
3479 2656 3604 2710 1497
3654 2646 3957 2711 plerumque

2549 2728 2732 2778 habent
2763 2728 2894 2776 iesus
2924 2733 3009 2777 etc.

2618 2813 2727 2859 mii
2752 2848 2764 2860 .
2792 2848 2804 2860 .
2830 2848 2843 2861 .
2867 2812 3010 2859 filii:
3057 2807 3129 2856 fili
3163 2807 3313 2856 semel
3343 2804 3410 2867 K,
3447 2805 3522 2855 bis
3555 2805 3707 2866 RZ*;
3749 2808 3957 2856 secundo

2552 2890 2649 2939 loco
2679 2878 2771 2952 4³1⁸)
2789 2887 2959 2951 =4>i1ii
2984 2887 3045 2936 Y.
3102 2884 3376 2959 habraham
3408 2884 3516 2945 CE,
3550 2884 3818 2935 abracham
3841 2886 3952 2950 LQ,

2552 2970 2756 3017 abraam
2792 2968 2860 3018 D.

2622 3060 2667 3096 a.
2699 3046 2974 3095 habraham
3001 3043 3044 3091 E
3069 3044 3193 3104 (non
3215 3041 3300 3105 C),
3328 3041 3591 3090 abracham
3613 3041 3725 3105 LQ,
3751 3043 3956 3092 abraam

2554 3125 2637 3183 D;
2688 3137 2727 3175 4-
2761 3131 2930 3173 autem
2965 3120 3125 3171 DLR.
3192 3120 3411 3183 hysahac
3448 3125 3494 3168 et
3528 3118 3711 3183 ysahac
3756 3119 3817 3179 C,
3851 3120 3957 3169 isac

2555 3202 2758 3266 ffLRQ
2807 3202 2897 3262 bis,
2951 3201 3110 3250 issaac
3160 3199 3211 3247 D
3251 3198 3341 3259 bis,
3385 3213 3533 3261 ysaac
3579 3196 3643 3245 W
3682 3196 3772 3247 bis.
3836 3200 3959 3248 ,Post

2552 3284 2704 3330 iaaac
2748 3295 2844 3329 om.
2884 3285 3076 3330 autom
3121 3276 3405 3325 HKM'XZ.
3471 3276 3591 3326 Post
3639 3278 3806 3326 iacob
3860 3292 3955 3327 om.

2554 3365 2745 3408 autem
2769 3358 2838 3406 H.
3269 3385 3274 3390 ·

2623 3450 2668 3498 3.
2705 3435 2824 3485 iuda
2864 3434 2922 3483 E.
2991 3432 3119 3482 fares
3157 3431 3314 3481 DEPR
3345 3432 3436 3490 bis,
3482 3430 3647 3480 shares
3681 3431 3777 3495 LQ
3817 3432 3954 3493 (bis).

2556 3528 2686 3563 zara
2728 3528 2842 3562 cum
2874 3526 3049 3576 graeco
3094 3507 3225 3572 (ζαρε
3267 3509 3330 3571 Β)
3374 3508 3957 3558 BEFHGHGWTVX‘Z

2553 3590 2756 3641 Bentl.:
2827 3589 2977 3638 zarad
3033 3587 3383 3649 ACQUX0Y;
3460 3593 3591 3636 zaret
3643 3587 3679 3635 J
3705 3602 3719 3646 ;
3788 3603 3954 3635 zaram

2557 3667 2828 3717 DZPLRW
2845 3682 2925 3731 vg.
2981 3665 3108 3715 sares
3128 3681 3214 3715 sec.
3237 3665 3282 3713 L
3302 3665 3359 3727 (h
3378 3665 3545 3727 erasa)
3570 3663 3679 3724 RT,
3704 3680 3849 3728 pares
3869 3664 3955 3715 Ζ*.

2551 3760 2650 3796 om.
2685 3748 2885 3803 genuit
2922 3741 2993 3792 L*
3030 3743 3232 3806 (÷E?).
3318 3743 3513 3791 hesrom
3545 3741 3622 3791 bis
3653 3741 3715 3803 C,
3738 3741 3955 3806 hesrom,

2554 3838 2690 3872 astos
2713 3823 2773 3881 T,
2802 3837 2942 3871 esron
2966 3821 3040 3870 bis
3058 3836 3139 3885 vg.
3205 3820 3378 3870 haram
3401 3820 3511 3870 CT.

2621 3917 2670 3964 4.
2704 3901 2877 3949 haram
2911 3899 2957 3947 T
2983 3903 3106 3959 (non
3140 3899 3222 3962 C),
3259 3914 3371 3948 aras
3401 3898 3513 3961 LQ,
3579 3898 3849 3964 aminadap
3882 3899 3958 3948 bis

2557 3978 2620 4039 R,
2644 3978 2801 4042 -daph
2822 3976 2897 4025 bis
2914 3976 2957 4024 E
2977 3975 3034 4038 (h
3053 3976 3343 4037 semieras.).
3407 3991 3594 4025 naason
3611 3976 3691 4024 bis
3712 3976 3811 4024 ΕΗ
3833 3978 3956 4039 (non

2556 4057 2628 4118 Θ)
2655 4055 2908 4118 KMQW,
2942 4069 3098 4103 nason
3129 4054 3205 4102 bis
3226 4054 3337 4103 Da>
3360 4060 3449 4118 pr.
3473 4053 3535 4115 L,
3568 4069 3747 4103 nasson
3781 4055 3857 4103 bis
3891 4055 3957 4117 R,

2551 4150 2642 4186 sec.
2676 4134 2735 4184 L.
2792 4150 2826 4197 4
2844 4139 2893 4183 et
2913 4146 2960 4195 5.
2983 4132 3213 4182 salomon
3234 4132 3290 4193 J,
3311 4133 3538 4182 salamon
3561 4132 3625 4195 Q,
3651 4132 3814 4183 salmo
3835 4134 3913 4182 ΖΘ.

2623 4225 2668 4275 5.
2704 4211 2899 4260 salmon
2923 4218 3089 4260 autem
3112 4210 3241 4258 booz
3256 4211 3368 4272 (om.
3388 4213 3609 4271 genuit)
3627 4210 3688 4259 R.
3711 4211 3828 4260 bo⁰z
3844 4210 3959 4267 HL.

2556 4291 2675 4340 botz
2696 4289 2764 4341 D.
2832 4293 2936 4339 de:
2972 4288 3141 4349 011(ἑκ
3169 4288 3253 4337 hic
3274 4289 3348 4337 bis
3368 4295 3416 4337 et
3438 4303 3483 4350 3,
3511 4287 3568 4350 6)
3593 4290 3673 4348 D;
3707 4297 3757 4338 et
3787 4289 3851 4339 de
3875 4290 3954 4338 W.

2555 4371 2763 4418 rachab
2798 4366 3463 4430 BDEZPFHOKM'QVXZ
3497 4365 3764 4430 (“Ραχάβ)1
3808 4369 3959 4417 racab

2557 4444 2909 4505 ACLRTUY,
2945 4444 3099 4493 rahab
3128 4445 3166 4494 J
3172 4444 3236 4492 W
3254 4459 3333 4508 vg.
3362 4445 3431 4507 (ς’
3451 4445 3594 4506 raab)
3628 4445 3792 4496 Tisch.
3876 4445 3957 4509 Cf.

2558 4528 2571 4551 ‘
2591 4523 2674 4573 De
2714 4524 2835 4573 raab
2878 4522 3120 4582 moderni,
3175 4523 3386 4586 antiqui
3435 4523 3706 4572 secundum
3751 4538 3958 4587 grecum

2555 4602 2742 4652 rachab
2758 4599 2772 4622 ’
2808 4602 2954 4651 Corr.
2981 4601 3096 4651 Uat.
3163 4603 3180 4629 ‘
3199 4638 3212 4649 .
3238 4636 3251 4649 .
3272 4601 3515 4650 similiter
3534 4600 3678 4650 ltabet
3708 4600 3773 4651 de
3806 4599 3957 4650 raab'

2560 4681 2705 4730 Corr.
2738 4680 2852 4730 Uar.
2879 4694 2978 4742 mg.
3047 4677 3290 4742 [Signum
3312 4711 3331 4727 .
3355 4714 3368 4725 .
3389 4684 3492 4742 pro
3519 4678 3676 4727 codice
3705 4678 3846 4728 nobis
3877 4678 3961 4726 in·

2551 4758 2746 4822 cognito
2765 4755 3028 4821 ponitur.]
3097 4758 3192 4806 boz
3226 4756 3334 4816 LR,
3376 4757 3492 4805 botz
3525 4757 3592 4805 D.
3659 4757 3779 4806 Post
3816 4760 3958 4806 booz

2555 4852 2650 4886 om.
2685 4841 2876 4886 autem
2914 4834 3051 4884 ABC
3091 4836 3214 4896 (non
3248 4834 3316 4896 T)
3344 4834 3502 4882 &PFH
3537 4839 3661 4892 (non
3696 4834 3766 4896 Θ)
3811 4832 3957 4883 Η*Χ.

2556 4918 2705 4964 011οᾱ
2759 4913 2834 4962 bis
2887 4929 3000 4962 cum
3056 4913 3231 4962 BCEF
3236 4912 3375 4961 1-1Θᾶ
3382 4911 3641 4959 KMsz
3704 4927 3784 4975 vg.
3841 4912 3958 4973 (Gr.

2555 4990 2691 5053 ὠβήδ
2740 4992 2830 5041 uel
2875 4989 3079 5054 laeam:
3136 4991 3286 5039 obeth
3341 4990 3417 5038 bis
3471 4988 3958 5052 ADSPLQTUWY,

2558 5069 2687 5118 obed
2712 5104 2724 5118 .
2752 5107 2765 5118 .
2791 5105 2803 5118 .
2829 5069 2980 5118 obeth
3003 5068 3067 5119 V.
3141 5068 3206 5117 de
3237 5067 3350 5117 ruth
3387 5067 3458 5116 H.
3541 5066 3700 5117 hiesse
3732 5082 3819 5115 sec.
3853 5067 3958 5117 CL.

2553 5149 2677 5199 Post
2695 5150 2841 5197 iesse
2866 5163 2961 5198 om.
2984 5152 3176 5196 autem
3198 5146 3283 5194 BF
3285 5144 3564 5195 LU*XYZ.
3623 5144 3767 5194 dauit
3780 5152 3866 5208 pr.
3886 5143 3957 5193 H.

2622 5226 2670 5276 6.
2703 5229 2881 5275 dau-id
2916 5225 3266 5287 (om-autem)
3290 5223 3352 5273 T.
3405 5240 3503 5274 om.
3526 5237 3628 5271 rex
3647 5224 3683 5273 J
3689 5222 3772 5272 Ns.
3829 5221 3958 5272 sala·

2553 5318 2755 5352 monem
2791 5301 3040 5366 DLQRZ.
3113 5317 3210 5367 que
3233 5300 3365 5354 ΕΖ*.
3441 5301 3615 5350 huriae
3648 5300 3725 5359 (ἰ,
3757 5315 3852 5348 om.
3887 5314 3961 5349 ex

2556 5395 2625 5431 00
2645 5396 2790 5440 quae
2813 5383 2927 5430 fuit
2948 5395 3034 5432 ur.
3060 5381 3127 5430 D.

2621 5470 2670 5524 7.
2702 5459 2930 5510 salamon
2969 5458 3171 5510 DLRZ.
3227 5462 3422 5509 autem
3435 5470 3574 5506 ÷rex
3611 5454 3672 5505 R.
3717 5454 3962 5504 roboham
