4717 6400
1127 665 1687 729 PRAEFATIO.
1781 666 1976 729 CAP.
2025 665 2147 726 IV.
2254 664 2394 726 DE
2431 665 2901 726 EDITIONE
2940 665 3026 726 R.
3071 666 3547 728 BENTLEII.
3752 684 3848 753 xv

865 921 1037 987 CAP.
1086 919 1204 988 IV.
1290 919 1396 985 De
1436 921 1719 986 editione
1760 920 2059 999 Bentleii,
2101 941 2248 985 cum
2290 931 2618 1005 conspectu
2660 921 2953 985 lectionis
2995 919 3411 985 Bentleianae
3452 931 3518 986 et
3556 902 3807 986 elencho

1440 1042 1726 1106 codicum
1771 1043 1842 1107 in
1886 1043 2024 1107 eius
2070 1063 2259 1106 usum
2305 1044 2377 1107 in
2420 1043 2492 1105 E
2495 1041 2815 1126 nangeliis
2855 1042 3252 1108 collatorum.

1011 1198 1125 1261 DE
1168 1215 1374 1281 opere
1419 1196 1810 1261 Bentleiano
1855 1196 2077 1262 confer
2123 1196 2354 1261 Works
2388 1197 2477 1280 of
2506 1197 2622 1261 Ri.
2653 1195 2937 1277 Bentley,
2968 1196 3067 1260 ed.
3101 1194 3306 1259 Alex.
3341 1195 3533 1278 Dyce
3561 1205 3724 1261 tom.
3755 1195 3844 1269 iii,

832 1321 946 1386 pp.
980 1312 1111 1381 475
1158 1320 1324 1383 sqq„
1360 1300 1575 1364 Lond.
1613 1298 1798 1385 1836,
1839 1301 2167 1382 Jacobum
2220 1301 2309 1364 H.
2350 1299 2567 1364 Monk
2607 1300 2768 1383 Life
2809 1301 2896 1383 of
2926 1298 3234 1363 Richard
3268 1298 3534 1381 Bentley
3577 1310 3736 1365 tom.
3781 1300 3844 1374 ii,

831 1425 945 1489 pp.
982 1405 1103 1467 118
1140 1424 1303 1486 sqq.,
1339 1403 1461 1481 146
1495 1424 1661 1486 sqq„
1697 1421 1842 1488 239,
1878 1404 2199 1486 286-289,
2230 1407 2334 1469 ed.
2368 1422 2405 1469 2
2440 1404 2655 1468 Lond.
2694 1403 2878 1487 1833,
2908 1402 3062 1468 Art.
3101 1402 3326 1485 Ayres
3366 1404 3534 1466 Ellis
3562 1403 3850 1469 Bentleii

828 1508 1061 1572 critim
1117 1528 1309 1571 sacra
1357 1506 1642 1572 Cantab.
1700 1507 1886 1585 1862,
1957 1508 2019 1571 T
2009 1507 2089 1572 lte
2140 1506 2680 1591 Correspondence
2730 1509 2814 1589 of
2858 1507 2969 1571 Ri.
3017 1506 3285 1588 Bentley
3330 1524 3368 1571 2
3414 1517 3579 1572 tom.
3626 1507 3844 1571 Lond.

836 1609 1023 1689 1842,
1053 1612 1159 1676 ed.
1194 1610 1345 1674 Chr.
1379 1609 1834 1675 Wordsworth
1864 1608 2126 1697 (postea
2159 1612 2282 1695 Ep.
2312 1608 2662 1697 Lincoln.)‚
2684 1610 3016 1675 Westcott
3072 1610 3134 1675 V
3129 1609 3345 1693 ulgate
3373 1611 3411 1674 l.
3431 1631 3484 1675 c.
3516 1631 3627 1694 pp.
3659 1625 3846 1693 1709,

834 1730 1025 1794 1711,
1080 1714 1164 1778 R.
1220 1712 1298 1779 C.
1340 1715 1517 1796 Jebb
1560 1714 1824 1797 Bentley
1867 1735 1978 1799 pp.
2031 1715 2347 1794 164—168,
2394 1715 2606 1779 Lond.
2661 1714 2844 1793 1882,
2895 1713 3027 1778 Old
3067 1713 3273 1779 Latin
3311 1712 3591 1779 Biblical
3636 1713 3846 1792 Textr,

831 1837 939 1883 no.
974 1817 1026 1891 Ι,
1058 1839 1170 1902 pp.
1198 1839 1260 1895 v,
1290 1818 1673 1881 xxiii—xxvi
1705 1829 1774 1883 et
1804 1818 1989 1903 App.
2024 1819 2195 1894 ii—iv,
2231 1819 2456 1884 Oxou.
2496 1817 2679 1902 1883,
2713 1818 2817 1883 ed.
2853 1818 2904 1882 1.
2938 1817 3009 1883 S.

1008 1921 1086 1984 In
1138 1922 1364 1985 animo
1415 1920 1740 1986 habuerat
1787 1921 2127 1986 Bentleius
2188 1943 2431 1987 nouam
2487 1921 2666 1985 Noui
2728 1920 3141 1986 Testamenti
3188 1919 3442 1986 Graece
3487 1930 3554 1986 et
3603 1921 3846 1987 Latine

828 2025 1188 2089 editionem
1221 2045 1467 2108 parare,
1502 2025 1568 2088 in
1600 2046 1733 2107 quo
1768 2027 2075 2091 credebat
2120 2046 2343 2091 ueram
2387 2022 2736 2090 lectionem
2772 2024 3093 2089 Graecam
3125 2045 3276 2090 cum
3320 2045 3477 2089 uera
3515 2025 3844 2108 Hierony-

832 2128 1072 2207 miana,
1116 2137 1256 2192 tam
1310 2129 1662 2192 uerborum
1715 2131 1945 2195 ordine
1992 2150 2192 2212 quam
2255 2150 2450 2194 sensu
2511 2149 2748 2204 rerum,
2798 2130 2891 2193 ita
2936 2130 3355 2206 concordare,
3409 2139 3504 2205 ut,
3553 2148 3704 2193 cum
3752 2150 3844 2193 ex

828 2232 1022 2296 bonis
1051 2232 1391 2296 codicibus
1420 2242 1490 2296 et
1519 2233 1810 2316 antiquis
1843 2234 2234 2299 emendatae
2265 2233 2555 2312 fuissent,
2586 2234 2704 2297 uix
2736 2233 3135 2297 dubitationi
3168 2232 3347 2297 locus
3378 2232 3845 2315 relinquendus

828 2346 1020 2400 esset.
1114 2334 1320 2400 Cuius
1351 2337 1659 2400 editionis
1688 2337 1953 2400 schema
1985 2336 2091 2401 uel
2124 2357 2550 2422 programma
2582 2338 2871 2419 primum
2904 2336 3113 2401 edidit
3146 2337 3210 2399 in
3242 2335 3525 2419 epistula
3565 2338 3652 2399 ad
3692 2335 3846 2400 Gul.

828 2437 1046 2504 Wake
1089 2438 1684 2523 Archiepiscopum
1734 2438 2273 2505 Cantuariensem
2322 2462 2548 2504 mense
2592 2440 2811 2524 Aprili
2862 2439 3027 2519 1716
3060 2464 3076 2516 ;
3117 2449 3186 2504 et
3232 2449 3462 2523 postea
3496 2439 3848 2522 Proposals

809 2544 941 2626 for
976 2544 1292 2625 printing
1329 2563 1504 2608 anno
1560 2558 1745 2624 1720,
1790 2565 1927 2627 quo
1973 2565 2148 2609 311110
2196 2544 2525 2609 Iohannes
2565 2542 2836 2608 Walker
2887 2544 3105 2625 operis
3148 2544 3365 2606 socius
3410 2544 3844 2627 praedicatur.

830 2645 1087 2710 Multos
1117 2648 1380 2711 codices
1411 2648 1552 2730 ipse
1583 2668 1703 2731 pro
1734 2648 1861 2713 hoc
1902 2669 2101 2732 opere
2137 2649 2438 2724 contulit,
2476 2647 2696 2731 plures
2728 2657 2796 2712 et
2827 2648 3193 2712 accuratius
3234 2647 3376 2710 Ioh.
3410 2646 3697 2722 Walker,
3728 2649 3844 2730 qui

829 2749 1114 2814 Bentleii
1159 2752 1372 2833 gratia
1425 2752 1491 2814 111
1536 2751 1707 2815 hunc
1754 2750 1952 2817 finem
2004 2752 2299 2816 laborare
2352 2772 2531 2816 anno
2581 2766 2747 2833 1719
2796 2752 3126 2834 inceperat
3178 2761 3247 2815 et
3291 2762 3470 2815 certe
3510 2772 3717 2834 usque
3756 2752 3845 2816 ad

828 2873 1077 2917 annum
1120 2866 1285 2938 1735
1333 2863 1400 2918 et
1447 2856 1620 2919 ultra
1665 2857 1900 2920 eadem
1944 2857 2166 2921 studia
2207 2856 2490 2940 impigre
2535 2864 2921 2938 prosecutus
2951 2864 3071 2919 est.
3161 2853 3295 2919 Sed
3328 2853 3602 2918 Walker
3646 2855 3755 2919 die
3800 2875 3842 2938 9

830 2957 1072 3021 mensis
1101 2958 1276 3022 Nou.
1297 2958 1453 3022 anni
1489 2973 1649 3039 1741
1691 2969 1975 3023 mortem
2006 2960 2173 3024 obiit
2203 2980 2379 3024 anno
2402 2960 2647 3024 aetatis
2667 2965 2816 3040 49⁰⁰
2839 2968 2906 3023 et
2939 2957 3278 3023 Bentleius
3306 2980 3480 3023 anno
3507 2960 3844 3042 proxim0,

827 3062 1068 3124 aetatis
1104 3081 1263 3125 suae
1297 3061 1473 3138 81¹¹¹⁰,
1497 3063 1607 3126 die
1645 3081 1724 3139 14
1754 3064 1997 3126 mensis
2030 3063 2180 3126 Iulii
2209 3084 2387 3128 anno
2426 3078 2609 3142 1742.
2702 3062 2905 3129 Nihil,
2939 3072 3014 3126 ut
3045 3071 3318 3139 constat,
3352 3084 3440 3126 ex
3471 3061 3572 3126 his
3605 3062 3844 3126 labori-

829 3165 956 3229 bus
1000 3186 1041 3231 a
1080 3163 1378 3230 Bentleio
1422 3176 1541 3231 aut
1587 3164 1899 3232 Walkero
1953 3168 2018 3231 in
2065 3166 2280 3232 lucem
2329 3167 2584 3232 editum
2632 3176 2752 3246 est,
2784 3166 2905 3229 nisi
2954 3164 3287 3250 specimen
3333 3165 3843 3250 Apocalypseos

827 3289 973 3352 cap.
1004 3270 1174 3346 xxii,
1207 3269 1273 3332 in
1307 3280 1797 3355 programmate
1831 3271 1984 3335 anni
2023 3284 2206 3352 1720.
2299 3270 2455 3354 Quo
2487 3271 2691 3335 modo
2722 3271 2850 3335 hoc
2894 3271 3189 3334 euenerit
3225 3281 3528 3334 accurate
3569 3271 3843 3335 omnino

829 3372 1121 3438 iudicare
1148 3393 1281 3437 non
1314 3394 1684 3456 possumne.
1777 3372 2039 3439 Conicit
2069 3386 2263 3454 certe,
2292 3376 2476 3458 quod
2508 3374 2864 3439 uerisimile
2893 3382 3012 3453 est,
3038 3374 3121 3436 R.
3146 3373 3222 3438 C.
3254 3374 3429 3455 Jebb
3470 3374 3843 3438 Bentleium

827 3477 1150 3560 temporis
1181 3497 1545 3560 progressu,
1575 3488 1642 3542 et
1687 3478 2072 3561 praesertim
2116 3499 2267 3543 cum
2308 3480 2605 3544 codicem
2639 3478 3045 3543 Uaticanum
3082 3475 3197 3566 (B)
3226 3477 3499 3561 propius
3537 3486 3606 3541 et
3647 3497 3841 3542 accu-

827 3581 1034 3644 ratius
1063 3591 1504 3665 cognosceret,
1534 3582 1621 3646 de
1664 3582 1972 3647 absoluta
2002 3582 2472 3647 concordantia
2508 3591 2737 3648 textus
2781 3582 3017 3646 Graeci
3059 3602 3209 3646 cum
3252 3583 3553 3646 uersione
3597 3581 3843 3647 Latina

829 3685 1041 3768 magis
1065 3685 1407 3767 magisque
1424 3685 1856 3750 dubitauisse.
1921 3685 2056 3750 Sed
2090 3687 2312 3769 potius
2343 3688 2409 3749 in
2433 3706 2631 3751 causa
2655 3687 2982 3752 credimus
3010 3686 3210 3749 fuisse
3242 3694 3522 3749 mortem
3542 3683 3839 3749 Walkeri

822 3798 1334 3871 praematuram,
1367 3788 1644 3852 Bentleii
1679 3790 1845 3866 lites,
1876 3798 1943 3853 et
1984 3789 2320 3875 paralysin
2348 3810 2521 3873 quae
2551 3810 2726 3854 anno
2765 3788 2949 3874 1738,
2983 3790 3198 3853 uirum
3232 3788 3415 3851 illum
3447 3788 3577 3851 iam
3608 3808 3837 3852 senem

825 3893 1199 3975 occupauit.
1267 3892 1371 3956 De
1400 3893 1728 3957 discordia
1760 3893 1932 3960 inter
1968 3893 2338 3958 Bentleium
2372 3902 2440 3957 et
2470 3893 2854 3957 Walkerum
2887 3903 3033 3957 orta
3064 3893 3222 3956 nihil
3256 3892 3530 3956 omnino
3557 3901 3836 3966 constat,

828 3995 1034 4058 immo
1065 3994 1225 4059 nihil
1256 3996 1722 4079 suspicandum
1755 4006 1875 4061 est.

1000 4098 1203 4181 Quod
1233 4119 1320 4162 ex
1353 4098 1478 4163 hoc
1508 4120 1708 4184 opere
1740 4109 1963 4178 restat,
1983 4110 2306 4182 quantum
2330 4101 2599 4182 quidem
2633 4120 2769 4164 rem
2801 4110 3091 4166 nostram
3123 4101 3361 4183 tangit,
3381 4099 3595 4164 tribus
3625 4099 3836 4181 potis-

822 4202 1067 4266 simum
1109 4202 1555 4268 uoluminibus
1601 4203 2200 4287 comprehenditur,
2244 4204 2310 4267 in
2350 4202 3098 4289 Bibliotheca-Collegii
3140 4203 3211 4269 S.
3257 4203 3607 4269 Trinitatis
3658 4203 3834 4268 Can·

822 4306 1243 4390 tabrigiensis
1287 4307 1582 4383 seruatis,
1631 4317 1698 4372 et
1741 4308 2017 4390 signatis
2060 4308 2235 4372 notis
2278 4306 2353 4370 B.
2396 4322 2493 4386 17.
2524 4319 2585 4387 5,
2619 4306 2693 4370 Β.
2734 4321 2831 4389 17.
2866 4307 2904 4368 6
2952 4318 3019 4371 et
3068 4307 3142 4370 B.
3182 4320 3277 4388 17.
3317 4325 3412 4384 14.
3503 4306 3640 4390 Qui
3682 4307 3832 4371 libri

826 4409 1133 4492 Magistri
1158 4419 1225 4474 et
1250 4408 1599 4474 Seniorum
1630 4411 1788 4475 dicti
1816 4410 2097 4495 Collegii
2120 4409 2581 4475 beneuolentia
2606 4411 2670 4475 in
2693 4411 2889 4475 huius
2912 4411 3129 4494 operis
3147 4411 3429 4494 gratiam
3451 4432 3565 4493 per
3587 4431 3829 4477 nouem

820 4532 1082 4577 menses
1125 4514 1280 4577 anni
1334 4513 1519 4591 1882,
1548 4516 1673 4577 sub
1718 4515 1929 4578 tutela
1974 4514 2873 4590 Bibliothecarii'Bodleiani,
2910 4515 3380 4579 humanissime
3422 4515 3830 4579 commodati

818 4625 993 4680 sunt.
1085 4617 1196 4679 Ex
1243 4616 1347 4681 his
1393 4637 1567 4699 erge,
1600 4626 1674 4681 ut
1720 4639 1841 4700 par
1884 4626 2042 4698 erat,
2076 4618 2286 4684 multa
2329 4620 2800 4702 excerpsimus,
2843 4619 3052 4683 multa
3095 4620 3296 4683 etiam
3341 4619 3831 4701 exscripsimus,

818 4721 941 4784 sed
972 4735 1101 4783 non
1142 4721 1366 4785 omnia
1397 4731 1717 4803 quantum
1751 4722 2079 4786 noluimus
2094 4720 2138 4786 ¹.

997 4823 1073 4886 B.
1111 4837 1209 4903 17.
1245 4836 1286 4903 5
1326 4824 1505 4906 quod
1549 4835 1648 4889 est
1679 4825 1946 4889 Nouum
1999 4825 2482 4890 Testamentum
2534 4824 2854 4891 Graecum
2892 4848 3037 4891 cum
3085 4827 3379 4891 uersione
3417 4825 3723 4909 Uulgata,
3757 4826 3827 4891 in

821 4926 997 5003 soli0,
1026 4929 1206 5010 apud
1242 4926 1340 4991 Cl.
1369 4926 1692 4992 Sonnium
1726 4928 1945 4993 Lutet.
1984 4927 2170 5005 1628,
2200 4930 2492 4993 continet
2513 4927 2805 4994 Walkeri
2838 4930 3223 4995 collationes
3254 4931 3555 5016 codicum
3587 4928 3827 4994 Parisi-

821 5031 1074 5094 ensium
1112 5031 1522 5113 signatorum
1552 5032 1742 5120 'notis
1786 5058 1825 5095 a
1842 5058 1882 5115 γ
1904 5037 1937 5096 δ
1959 5057 1989 5095 ε
2007 5058 2042 5108 η
2065 5036 2102 5095 θ
2125 5058 2158 5096 κ
2181 5039 2223 5095 λ
2244 5058 2289 5112 μ
2311 5057 2346 5095 v
2366 5057 2399 5095 ο
2419 5053 2567 5096 osec.
2601 5058 2647 5096 π
2671 5040 2742 5114 φ,
2784 5055 2959 5098 311110
2997 5047 3160 5117 1719
3205 5033 3430 5112 factas,
3461 5042 3528 5097 et
3576 5034 3827 5099 Leonis

825 5132 1174 5198 Cheualier
1202 5135 1504 5199 codicum
1537 5134 2020 5200 Turonensium
2053 5131 2114 5222 (ρ
2133 5133 2306 5220 ‹ra-v)
2337 5158 2379 5200 a
2412 5133 2608 5201 Petro
2647 5136 2955 5202 Sabatier
2987 5136 3301 5201 Walkero
3335 5137 3630 5217 traditas,
3662 5138 3824 5202 item

824 5236 1100 5301 Bentleii
1145 5238 1530 5303 collationes
1574 5240 1879 5304 codicum
1929 5239 2117 5305 Harl.
2168 5240 2355 5321 2788,
2405 5240 2597 5316 2826,
2644 5251 2710 5306 et
2756 5241 3229 5307 Lichfeldensis
3272 5238 3367 5327 (M
3402 5244 3462 5303 H
3494 5239 3577 5329 ξ),
3620 5252 3688 5307 et
3733 5242 3824 5307 D.

892 5372 909 5404 ¹
949 5375 1073 5429 Nos
1103 5374 1157 5429 in
1192 5373 1282 5430 his
1314 5374 1704 5430 collationibus
1744 5376 2086 5432 Bentleianis
2111 5376 2494 5432 exscribendis
2520 5377 2606 5433 usi
2643 5394 2836 5434 sumus
2869 5377 3114 5434 editione
3150 5380 3223 5433 N.
3249 5379 3316 5433 T.
3345 5377 3540 5446 nitida,
3570 5377 3672 5435 sed
3704 5395 3821 5434 non

824 5457 881 5511 in
913 5456 1175 5513 omnibus
1202 5468 1481 5528 accurata,
1509 5458 1751 5514 Tornaci
1781 5459 2119 5515 Neruiorum
2145 5460 2415 5531 impressa
2438 5478 2540 5531 per
2567 5463 2805 5517 Desclee
2834 5462 3099 5517 Lefebvre
3123 5473 3179 5518 et
3206 5479 3319 5518 soc.
3352 5463 3501 5529 1878.
