4717 6400
1736 673 1998 737 MONI
1999 673 2205 734 TUM
2232 673 2802 735 ANONJ'MUM.
3730 684 3772 754 5

1240 998 1634 1084 [INCIPIT
1696 997 2404 1065 ARGUMENTUM
2467 997 3292 1064 EUANGELIORUM.

895 1188 1156 1240 Monitum
1177 1188 1264 1238 hoc
1284 1189 1533 1239 edidimus
1550 1204 1616 1237 ex
1635 1190 1789 1239 codice
1813 1188 1883 1251 K,
1906 1188 2277 1238 adiuuantibus
2294 1188 2434 1238 editt.
2459 1188 2711 1239 Uallarsii
2733 1188 2906 1251 (Hier.
2928 1187 3017 1252 Op.
3044 1187 3182 1238 Tom.
3200 1188 3262 1237 X
3258 1221 3272 1236 .
3299 1187 3523 1239 Ueronae
3551 1185 3702 1250 1740)
3726 1191 3777 1236 et

768 1270 1034 1322 musii
1062 1272 1179 1336 (Op.
1212 1272 1348 1323 Tom.
1378 1284 1418 1331 1,
1448 1271 1520 1321 ed.
1557 1271 1773 1331 Uezsosi,
1806 1272 1997 1321 Romae
2021 1271 2187 1336 1747).
2253 1271 2516 1335 Impressit
2547 1270 2720 1320 nont.
2751 1286 2775 1320 e
2804 1271 2902 1319 cod.
2942 1271 3083 1320 Orat.
3109 1270 3168 1319 B.
3191 1281 3276 1318 vn
3309 1275 3358 1319 et
3387 1269 3517 1319 codd.
3544 1268 3773 1334 Reginae

758 1354 981 1404 Suetiae.
1046 1352 1210 1404 Jnscr.
1233 1358 1344 1405 ino.
1367 1368 1485 1413 arc.
1504 1368 1703 1412 oneng.
1726 1369 1841 1402 cum
1866 1353 1949 1404 K:
1980 1352 2321 1418 Hieronymus
2342 1354 2570 1402 Damaso
2591 1367 2756 1418 papae
2787 1353 2922 1404 Uall.
2955 1352 3128 1402 Thone.
3150 1351 3282 1402 codd.
3305 1358 3385 1416 ap.
3407 1351 3640 1401 eundem.

940 1519 1300 1586 Sciendum
1336 1521 1561 1598 etiam,
1591 1540 1677 1584 ne
1718 1521 1867 1603 quis
1912 1521 2213 1604 ignarum
2261 1542 2349 1585 ex
2393 1520 2829 1585 similitudine
2876 1540 3305 1584 numerorum
3349 1538 3533 1584 error
3579 1519 3768 1582 inuo-

756 1622 923 1698 luat,
969 1626 1152 1706 quod
1197 1624 1407 1689 sicubi
1455 1624 1523 1687 in
1583 1624 2056 1690 subnotatione
2103 1646 2430 1689 canonum
2490 1625 2974 1699 distinctorum,
3036 1625 3103 1687 in
3159 1645 3407 1688 canone
3466 1623 3768 1706 quolibet

757 1739 898 1793 tres
946 1728 1394 1811 euangelistae
1433 1729 1555 1806 bis,
1588 1728 1695 1792 uel
1739 1738 1862 1807 ter,
1892 1728 1998 1793 uel
2045 1738 2299 1811 quater,
2343 1739 2460 1793 aut
2505 1730 2707 1793 etiam
2753 1728 3040 1811 amplius
3084 1729 3370 1792 eundem
3416 1746 3768 1790 numerum

758 1853 881 1916 per
909 1833 1213 1897 ordinem
1257 1831 1612 1897 habuerint
1657 1833 2079 1909 adnotatum,
2116 1842 2184 1897 et
2231 1842 2508 1916 quartus
2539 1853 2577 1896 e
2607 1833 2943 1896 contrario
2981 1833 3450 1915 discrepantes,
3482 1831 3665 1914 quod
3700 1830 3769 1894 id

759 1936 945 2019 quod
989 1944 1127 2000 tres
1169 1935 1263 1998 illi
1310 1936 1376 1999 in
1408 1957 1488 2000 eo
1521 1933 1668 2001 loco
1700 1935 1907 2000 semel
1939 1936 2253 2012 dixerint,
2287 1945 2561 2019 quartus
2592 1937 2841 2000 totiens
2873 1937 2940 1998 in
2972 1955 3252 2019 corpore
3282 1934 3637 1999 uoluminis
3666 1933 3768 1998 sui
3799 1957 3827 2007 5

759 2048 993 2123 ponat,
1040 2041 1345 2122 quotiens
1389 2039 1633 2104 diuersi
1678 2041 1933 2104 numeri
1980 2040 2046 2103 in
2092 2040 2234 2104 eius
2279 2060 2532 2103 canone
2576 2040 2776 2124 positi
2822 2040 2973 2113 sint,
3014 2048 3242 2103 contra
3285 2039 3769 2122 praedictorum

760 2163 1190 2207 numerorum
1219 2144 1641 2209 continuatas
1670 2143 2159 2208 similitudines

937 2246 1110 2311 Item
1140 2248 1193 2310 si
1225 2247 1291 2310 in
1324 2267 1458 2312 uno
1500 2246 1804 2330 quolibet
1833 2267 2062 2312 eorum
2104 2256 2223 2312 aut
2259 2247 2461 2311 etiam
2510 2247 2786 2323 duobuS,
2819 2246 2998 2310 idem
3043 2245 3113 2309 in
3158 2265 3413 2310 canone
3457 2264 3767 2309 numerus

758 2350 885 2426 bis,
915 2361 1038 2429 ter,
1069 2360 1184 2415 aut
1214 2371 1295 2416 eo
1325 2350 1614 2434 amplius
1660 2351 2022 2434 reperiatur
2063 2351 2130 2413 in
2175 2350 2409 2414 ordine
2456 2348 2862 2430 conlocatus,
2908 2359 2977 2414 et
3024 2352 3249 2432 dispar
3295 2348 3670 2413 inueniatur
3699 2350 3767 2411 in

759 2455 1032 2532 ceteris;
1089 2454 1369 2519 dubium
1420 2474 1557 2519 non
1603 2456 1729 2520 erit
1785 2455 1951 2537 quin
2007 2455 2075 2519 id
2133 2455 2315 2537 quod
2371 2453 2547 2519 illius
2599 2447 2950 2521 illorumue
2996 2455 3268 2519 canonis
3327 2453 3619 2517 numeris
3666 2452 3770 2516 bis
3799 2479 3864 2515 10

759 2568 997 2640 terque
1027 2560 1381 2641 repetitum
1412 2559 1500 2623 ab
1530 2559 1632 2622 his
1665 2559 1732 2622 in
1765 2558 2105 2623 uolumine
2148 2558 2353 2622 semel
2386 2557 2641 2623 dictum
2683 2559 2787 2633 sit,
2821 2558 3014 2623 alteri
3056 2578 3215 2622 uero
3258 2576 3488 2623 eorum
3526 2557 3772 2622 totiens

758 2663 832 2725 in
861 2682 998 2725 uno
1025 2672 1232 2744 atque
1262 2664 1505 2727 eodem
1534 2683 1729 2726 sensu
1768 2661 2128 2746 loquantur
2157 2662 2474 2744 quotiens
2514 2661 2950 2746 praetulerint
2994 2661 3061 2724 in
3103 2680 3526 2725 numerorum
3558 2662 3769 2725 adno-

758 2767 1021 2830 tatione
1049 2766 1455 2832 distantiam.
1548 2766 1705 2831 Hoc
1737 2774 1805 2831 et
1850 2766 1916 2829 in
1961 2766 2261 2830 omnium
2300 2785 2544 2830 nouem
2586 2786 2918 2830 canonum
2963 2763 3336 2829 conlatione
3379 2764 3769 2828 seruabitur.

764 2868 1079 2934 Ceterum
1124 2870 1192 2933 in
1235 2871 1494 2935 decimo
1529 2871 1850 2953 quoniam
1896 2866 2168 2954 propria
2196 2869 2607 2953 singulorum
2648 2869 3122 2935 tantummodo
3167 2869 3607 2945 continentur,
3636 2888 3768 2931 non

761 2982 988 3057 potest
1018 2984 1249 3038 contra
1280 2974 1349 3037 id
1379 2975 1799 3057 comparatio
1829 2995 1974 3038 esse
2004 2974 2185 3057 quod
2221 2974 2438 3039 solum
2476 2983 2598 3039 est.
3800 2978 3861 3030 ¹5

1641 3137 2093 3210 EXPLICIT
2135 3139 2898 3232 ARGUMENTUM]

834 3462 878 3500 1.
910 3452 1117 3500 etism:
1150 3456 1316 3500 tamen
1339 3449 1409 3500 K.
1474 3450 1562 3515 qui
1584 3450 1835 3515 signatum
1860 3452 2023 3516 inepte
2044 3452 2111 3502 K.
2365 3451 2709 3516 distinguitur
2725 3450 2779 3499 K
2799 3450 3023 3516 dispares
3038 3450 3362 3501 inueniuntur.
3397 3449 3460 3499 In
3474 3451 3647 3501 ceteris
3660 3457 3744 3500 etc.

833 3541 879 3578 2.
911 3530 1098 3578 sicubi
1116 3527 1168 3576 K
1192 3527 1359 3579 Halm
1397 3528 1525 3579 sicut
1547 3528 1721 3578 Thone.
1745 3536 1796 3579 et
1814 3530 1929 3580 Cod.
1949 3530 2175 3594 Reginae
2212 3545 2217 3554 ·
2434 3542 2510 3579 10.
2546 3530 2749 3580 caeteris
2792 3529 2928 3579 Uall.
2971 3529 3145 3579 Thom.
3238 3532 3379 3590 quin
3413 3532 3479 3578 id
3522 3531 3676 3589 quod
3715 3530 3768 3580 K

759 3606 904 3671 apud
922 3606 1061 3656 Uall.
1113 3606 1486 3656 distinctionum
1507 3606 1606 3656 cod.
1621 3607 1791 3657 Palat.
1809 3621 1874 3672 49
1890 3614 1970 3673 ap.
2000 3608 2172 3658 Thom.
2370 3608 2538 3659 Uall.:
2574 3608 2708 3672 quod
2748 3607 2801 3657 id
2849 3607 3023 3657 nom.
3089 3623 3303 3658 canones
3335 3607 3509 3658 Thom.
3573 3623 3767 3659 nume-

830 3698 877 3745 3.
910 3700 1005 3734 om.
1027 3687 1124 3733 nel
1145 3691 1263 3734 ante
1293 3691 1385 3735 ter
1414 3684 1484 3734 K.
1553 3691 1781 3745 quater·
1815 3693 2050 3750 quattuor
2070 3685 2171 3736 cod.
2358 3690 2441 3736 ris
2474 3686 2679 3736 Thema
2717 3700 2949 3735 numerus
2970 3684 3023 3734 K
3051 3686 3188 3735 Uall.

760 3764 883 3827 Reg.
908 3769 989 3827 ap.
1015 3762 1152 3813 Uall.
1219 3762 1450 3812 eumdem
1476 3763 1647 3812 nom.
2432 3777 2508 3813 11.
2543 3770 2741 3821 terque
2765 3762 2817 3812 K
2849 3764 3014 3814 Uall.:
3049 3771 3125 3813 ter
3153 3763 3325 3813 nom.
3390 3765 3675 3829 repertitum
3699 3765 3766 3815 K.

826 3856 877 3904 4.
910 3840 1186 3890 habuerunt
1207 3840 1376 3890 Thom.
1415 3843 1647 3902 quodid
1663 3843 1816 3901 qnod
1828 3857 1941 3890 mm
1968 3840 2168 3892 nom..
2153 3858 2168 3871 ·
2357 3839 2549 3892 dictum
2597 3849 2674 3891 est
2718 3840 2799 3901 K;
2843 3840 2894 3890 d.
2937 3856 3044 3891 esse
3090 3841 3308 3892 ostendit
3349 3842 3454 3892 edd.
3500 3850 3582 3907 ap.
3629 3844 3767 3895 Uall.

759 3919 897 4008 qnod
922 3918 972 3967 id
987 3917 1041 3966 K
1065 3918 1128 3983 d.
1161 3918 1295 3967 Uall.
1320 3918 1380 3967 in
1401 3918 1623 3980 nonalis-3
1655 3919 1773 3985 quia
1790 3919 1843 3968 id
1865 3919 2001 3986 quod
2032 3920 2527 3970 {suasum-1
2555 3934 2692 3969 nero
2723 3934 2834 3969 eor.
2868 3919 3002 3969 Uall.
3034 3919 3204 3968 nom.
3227 3935 3241 3969 ε
3280 3920 3407 3970 alter
3428 3921 3632 3971 alteriue
3664 3937 3765 3973 eor.

760 3996 822 4045 in
842 4002 1001 4045 textu.
2356 3997 2410 4047 K
2432 3997 2537 4048 edd.
2562 4004 2643 4062 ap.
2675 3997 2838 4059 Uall.(
2854 3996 3030 4047 ÷slter
3053 3996 3297 4062 alterius).
3365 3999 3514 4049 toties
3536 3999 3604 4049 K.

829 4087 877 4138 5.
911 4074 1137 4123 dixerunt
1155 4072 1287 4123 codd.
1312 4079 1393 4137 ap.
1424 4074 1596 4125 nont.
1662 4074 1810 4124 toties
1835 4074 1904 4124 K.
2428 4089 2504 4124 12.
2539 4091 2635 4125 om.
2658 4079 2721 4124 tn
2743 4082 2862 4125 ante
2883 4090 3000 4126 uno
3019 4075 3088 4125 K.
3128 4076 3329 4126 sensulo
3351 4085 3563 4143 quantus
3580 4078 3766 4143 (inepte

825 4149 874 4200 6.
908 4151 1102 4216 quoties
1124 4149 1193 4200 K.
1259 4154 1380 4201 sint
1403 4150 1485 4201 K:
1520 4159 1632 4202 sunt
1664 4152 1798 4203 Uall.
1826 4152 2015 4212 Thom„
2045 4153 2165 4201 item
2342 4160 2444 4218 pro
2468 4168 2612 4203 sensu
2634 4152 2921 4217 loquantur)
2946 4153 3016 4203 K.
3081 4154 3277 4219 quoties
3299 4153 3368 4204 K.

760 4236 896 4280 stant
921 4227 1105 4279 ‘editi’
1127 4235 1210 4292 ap.
1242 4228 1378 4280 Uall.
2422 4245 2501 4294 13.
2540 4238 2595 4288 >
2615 4239 2665 4283 et
2685 4231 2784 4282 hoe
2806 4230 2872 4281 K.

826 4319 874 4371 7.
907 4307 1194 4357 continuata
1226 4305 1395 4358 Thom.
2421 4323 2497 4373 14.
2534 4316 2782 4359 caeterum
2808 4305 2942 4361 Uall.
2976 4299 3147 4359 Thone.
3216 4314 3486 4370 quonism
3508 4310 3560 4360 K
3587 4312 3760 4362 Thone.

737 4449 745 4454 ,
826 4386 873 4434 8.
906 4385 1093 4434 Iterum
1126 4383 1196 4433 K.
1263 4386 1417 4433 idem
1450 4384 1503 4434 K
1536 4384 1672 4434 Uall.
1707 4377 1936 4447 (Ταχώς
1978 4384 2163 4434 ibidem
2350 4387 2485 4438 codd.
2507 4393 2588 4451 ap.
2614 4387 2781 4437 Uall.:
2813 4388 2866 4436 in
2888 4403 2989 4452 quo
3019 4388 3154 4438 Uall.
3181 4389 3392 4451 (Tae).

767 4464 963 4523 Thon„
983 4462 1083 4512 cod.
1104 4467 1187 4525 ap.
1215 4461 1352 4511 Uall.
2421 4478 2501 4529 15.
2535 4465 2823 4530 conparatio
2846 4464 2914 4515 K.
2980 4465 3180 4515 soluum
3197 4466 3266 4517 K.
3334 4473 3473 4518 eet-i·
3487 4474 3613 4534 opto
3634 4476 3688 4519 ut
3710 4469 3763 4520 in

825 4555 875 4605 9.
908 4546 1029 4591 tere
1076 4550 1114 4590 ÷
1140 4546 1372 4603 quattuor
1393 4538 1466 4601 K,
1486 4540 1623 4604 quod
1635 4557 1661 4590 e
1682 4540 1908 4605 uulgata]-
1931 4539 2162 4590 additum
2351 4542 2555 4592 Christo
2588 4542 2812 4606 (Thon,
2845 4543 2975 4593 codd.
3009 4549 3093 4607 ap.
3127 4545 3263 4595 Uall.
3252 4577 3282 4606 .,
3314 4546 3401 4595 sed
3429 4546 3484 4595 in
3519 4553 3761 4612 perpetuo

757 4634 856 4669 esse
888 4618 998 4681 (uel
1024 4624 1109 4667 aut
1136 4619 1326 4682 quater)
1355 4617 1548 4668 iudicat
1572 4619 1707 4669 Uall.
1772 4619 2075 4684 repperiatur
2096 4618 2160 4669 Y.
2359 4620 2494 4670 Uall.
2498 4621 2519 4682 )
2554 4620 2723 4670 ualens
2765 4627 2814 4670 et
2854 4622 3134 4672 memineris
3176 4624 3276 4673 mei
3312 4624 3593 4676 beatissime
3624 4640 3761 4690 papa.

758 4700 956 4754 dispu-
984 4695 1146 4745 Ualla
1191 4694 1403 4760 disparis
1440 4695 1633 4759 nom„
1666 4696 1890 4762 dispares
1928 4696 1998 4756 K,
2027 4695 2160 4747 codd.
2359 4687 2748 4758 Uall.T110m.;
2798 4698 3060 4749 emebamus
3091 4715 3205 4749 cum
3250 4701 3320 4752 K.
3384 4718 3479 4752 om.
3519 4705 3757 4761 explicit

755 4782 841 4840 ap.
863 4774 999 4825 Uall.
1066 4772 1376 4824 inueniuntur
1409 4772 1479 4837 K,
1505 4774 1609 4824 edd.
1631 4781 1710 4840 ap.
1737 4775 1910 4836 Uall.;
1943 4775 2061 4826 item
2091 4775 2169 4824 sic
2352 4783 2751 4836 argumentum
2782 4776 2916 4827 Uall.
2949 4777 3122 4828 lem.
