4717 6400
1665 685 2193 749 SECUNDUM
2224 688 2365 749 MA
2381 686 2785 749 TTHEUM.
3767 703 3847 765 29

1002 857 1230 921 DEPGQ.
2077 861 2114 910 J
2141 860 2370 923 (breues).
2691 848 2696 853 ’
3304 857 3372 907 Κ.

690 947 903 1006 monio
960 945 1225 1008 Caecum
1278 955 1338 1006 et
1394 957 1623 1007 mutum
1815 950 2050 1009 bentem
2108 952 2330 1010 curauit
2371 961 2429 1010 et
2484 949 2559 1009 de
2606 949 2739 1007 Bel·
2927 947 3077 1006 bene
3130 946 3325 1007 facere
3381 957 3441 1007 et
3493 965 3738 1008 caecum
3790 959 3850 1009 et

692 1041 940 1101 curauit.
1813 1044 1964 1122 zebu
1991 1044 2253 1122 principe
2275 1044 2740 1103 daemoniorum.
2924 1052 3151 1101 mut-um
3190 1042 3413 1102 curauit
3439 1051 3497 1100 et
3525 1043 3661 1103 dicit
3688 1042 3849 1119 quod

1732 1134 1991 1195 XXVII.
2038 1137 2132 1197 De
2202 1138 2363 1197 bono
2427 1138 2739 1197 thensauro
2923 1153 3102 1194 nemo
3128 1136 3299 1194 intret
3327 1137 3388 1194 in
3411 1136 3656 1195 domum
3685 1137 3848 1196 fortis

1812 1241 1870 1290 et
1932 1231 2093 1290 malo
2168 1241 2225 1290 et
2282 1230 2355 1290 de
2415 1231 2739 1290 Pharisaeis
2922 1229 3034 1287 nisi
3064 1239 3196 1289 ante
3224 1247 3361 1288 eum
3388 1229 3583 1308 alliget
3611 1241 3670 1290 et
3688 1231 3850 1308 quod

1811 1325 1912 1403 qui
1981 1326 2216 1401 signum
2283 1337 2490 1405 petunt
2547 1333 2605 1385 et
2663 1325 2736 1384 de
2923 1325 3113 1383 bonus
3162 1324 3345 1383 homo
3389 1324 3464 1383 de
3511 1325 3675 1384 bono
3718 1325 3846 1385 the-

1808 1420 1950 1478 uiris
2021 1418 2298 1480 Niniuitis
2374 1430 2433 1479 et
2505 1418 2736 1496 Regina
2922 1435 3097 1477 sauro
3147 1417 3364 1494 profert
3401 1419 3627 1478 bonum
3668 1429 3728 1478 et
3773 1418 3846 1477 de

1810 1512 2005 1572 Austri
2035 1523 2092 1572 et
2122 1514 2196 1573 de
2233 1515 2533 1574 inmundis
2570 1515 2734 1593 spiri·
2919 1512 3103 1571 uerbo
3132 1513 3353 1572 ocioso·

607 1600 895 1661 XXXVI.
937 1603 1056 1662 Ubi
1094 1604 1317 1664 scribae
1358 1613 1417 1664 et
1458 1603 1618 1663 faris-
1808 1607 1960 1666 tibus
1987 1616 2227 1683 septem.
2840 1606 3159 1667 XXXIIII.
3191 1605 3311 1665 Ubi
3328 1607 3555 1667 scribae
3571 1617 3628 1667 et
3646 1606 3845 1684 phari-

690 1697 779 1755 sei
807 1697 1043 1773 signum
1071 1707 1277 1776 petunt
1304 1699 1381 1757 ab
1411 1696 1525 1756 ihu.
2921 1701 3038 1759 saei
3069 1701 3304 1777 signum
3330 1711 3534 1777 petunt
3561 1702 3639 1759 ab
3667 1699 3786 1759 ihu.

608 2081 928 2143 XXXVII.
973 2084 1166 2144 Mater
1198 2094 1299 2143 tua
1325 2093 1385 2144 et
1412 2085 1616 2146 fratres
1725 2086 2012 2148 XXVIII.
2055 2087 2174 2147 Ubi
2196 2099 2384 2148 mater
2399 2090 2522 2149 eius
2542 2097 2600 2149 et
2616 2087 2731 2146 fra-
2835 2074 3088 2134 XXXV·
3107 2073 3185 2135 Et
3204 2075 3408 2135 dicunt
3423 2076 3499 2136 ad
3520 2076 3640 2136 ihm
3659 2088 3846 2137 mater

692 2177 773 2235 tui
802 2176 942 2237 foris
971 2187 1125 2238 stant
1154 2179 1357 2239 dicunt
1379 2179 1455 2239 ad
1477 2179 1613 2237 ihm.
1803 2192 1919 2240 tres
1948 2182 2088 2242 foris
2125 2193 2279 2243 stant
2307 2192 2366 2242 et
2394 2183 2468 2242 de
2496 2192 2730 2260 petrosa
2915 2179 3015 2228 tua
3041 2178 3101 2228 et
3127 2168 3334 2229 fratres
3362 2170 3443 2227 tui
3473 2170 3625 2230 fOreS
3653 2180 3822 2229 Stant·

1803 2286 1861 2334 et
1911 2276 1986 2335 de
2032 2277 2217 2355 spinis
2262 2288 2320 2337 et
2362 2288 2516 2337 terra
2569 2279 2731 2337 bona
2834 2261 3120 2322 XXXVI.
3182 2262 3409 2323 sedens
3465 2264 3527 2322 in
3575 2265 3846 2323 nanicula

605 2362 958 2424 XXXVIII.
1003 2364 1230 2426 Sedens
1251 2365 1325 2424 In
1345 2366 1616 2426 nauicula
1802 2371 2100 2448 parabola.
2914 2356 3260 2435 parabolam
3276 2359 3519 2435 exponit
3536 2357 3608 2417 de
3625 2359 3848 2418 semine

687 2457 779 2517 ihs
807 2459 989 2519 turbis
1016 2461 1330 2536 parabulas
1373 2462 1617 2538 exponit
2917 2469 3094 2529 supra
3134 2462 3359 2528 petram
3388 2461 3444 2510 et
3472 2452 3535 2509 in
3563 2452 3746 2528 spinis
3787 2462 3847 2512 et

687 2562 745 2612 et
774 2552 848 2611 de
878 2554 1099 2613 semine
1121 2573 1292 2632 super
1314 2566 1538 2632 petram
1559 2565 1617 2615 et
2916 2544 3141 2622 reliqua
3178 2554 3235 2604 et
3273 2544 3412 2604 dicit
3441 2545 3616 2604 uestri
3646 2555 3844 2605 autem

686 2647 886 2723 spinas
934 2658 995 2707 et
1039 2649 1199 2708 bona
1245 2658 1396 2709 terra
1445 2649 1616 2709 semi-
2916 2639 3071 2697 beati
3131 2638 3287 2697 oculi
3342 2639 3483 2716 quia
3532 2640 3733 2699 uident
3787 2649 3845 2698 et

687 2749 908 2801 natum.
2917 2751 3086 2793 aures
3115 2751 3265 2809 quae
3294 2733 3554 2792 audiunt.

603 2833 984 2893 XXXVIIII.
1026 2834 1119 2894 De
1147 2838 1405 2896 setzanio
1432 2837 1494 2895 in
1520 2837 1617 2896 tri-
1723 2828 2048 2888 XXVHII.
2091 2828 2185 2889 De
2241 2829 2466 2889 zizania
2523 2838 2583 2890 et
2631 2830 2730 2889 tri-
2837 2826 3154 2886 XXXVII.
3189 2826 3540 2886 Parabolam
3571 2827 3644 2887 de
3670 2827 3842 2889 hom-

687 2929 806 2988 tico
863 2928 957 2989 De
1012 2948 1201 3007 grano
1263 2933 1502 3011 synapis
1558 2942 1616 2992 et
1804 2924 1921 2983 tico
1969 2933 2027 2982 et
2075 2942 2264 3002 grano
2296 2923 2519 3000 sinapis
2560 2934 2619 2984 et
2660 2923 2732 2983 de
2918 2922 3015 2981 ine
3080 2921 3181 2999 qui
3250 2921 3560 2981 seminauit
3615 2923 3844 2982 bonum

684 3021 991 3083 fermento,
1802 3019 2164 3078 messoribus
2232 3027 2292 3077 et
2355 3036 2733 3078 consumma·
2919 3033 3122 3075 semen
3159 3015 3220 3073 in
3257 3032 3402 3092 agro
3430 3032 3540 3074 suo
3567 3025 3624 3074 et
3650 3016 3843 3077 inimi-

1803 3112 1981 3172 tione.
2918 3126 3021 3168 cus
3040 3108 3524 3185 superseminauit
3541 3108 3842 3169 zizaniam.

2837 3202 3183 3263 XXXVIII.
3230 3204 3326 3263 De
3380 3221 3568 3280 grano
3624 3206 3843 3282 sinapis

2916 3308 2973 3358 et
3002 3297 3290 3357 fermento
3310 3306 3369 3356 et
3386 3297 3548 3375 quod
3575 3299 3708 3358 iusti
3729 3298 3840 3358 ful-

964 3437 969 3442 .
2914 3394 3139 3469 gebunt
3167 3392 3331 3451 sicut.

603 3473 731 3534 XL.
776 3473 870 3534 De
909 3483 1173 3535 tessauro
1215 3476 1277 3535 in
1317 3494 1463 3554 agro
1508 3478 1612 3536 ab·
1719 3478 1913 3538 XXX.
1957 3477 2051 3537 De
2098 3475 2419 3538 thensauro
2475 3479 2728 3538 abscon·
2833 3486 3213 3546 XXXVIIII.
3272 3485 3367 3546 De
3415 3488 3688 3547 thesauro
3735 3488 3840 3546 ab-

686 3587 901 3628 sconso
927 3580 985 3628 et
1012 3570 1084 3629 de
1106 3571 1265 3630 bona
1286 3581 1613 3648 margareta
1801 3571 1924 3631 dito
2001 3573 2063 3630 in
2147 3590 2292 3649 agro
2356 3581 2415 3631 et
2471 3571 2545 3632 de
2608 3580 2729 3632 rete
2913 3580 3180 3641 scondito
3217 3581 3278 3640 in
3318 3599 3464 3658 agro
3493 3591 3551 3641 et
3580 3581 3652 3640 de
3681 3583 3841 3643 bona

685 3673 744 3721 et
771 3663 845 3721 de
871 3671 993 3723 rete
1020 3664 1203 3724 misso
1230 3665 1293 3723 in
1320 3665 1487 3725 mari.
1801 3667 1982 3724 misso
2009 3665 2070 3724 in
2098 3684 2257 3725 mare
2275 3675 2335 3724 et
2351 3683 2728 3726 consumma-
2914 3676 3226 3752 margarita
3253 3686 3311 3735 et
3338 3675 3411 3734 de
3439 3669 3674 3751 sagena'.

1799 3760 1974 3819 tione.

1719 3852 1945 3912 XXXI.
1965 3852 2083 3912 Ubi
2102 3852 2266 3912 uenit
2281 3852 2386 3912 Ihs
2403 3852 2726 3912 inPatriam

1804 3965 1970 4008 suam
1987 3956 2045 4005 et
2062 3946 2199 4005 dicit
2215 3945 2580 4023 Prophetam
2601 3947 2724 4006 sine

1799 4042 2027 4101 honore
2054 4058 2184 4102 esse
2215 4040 2277 4098 in
2305 4041 2443 4101 loco
2470 4058 2596 4101 suo.

604 4712 765 4774 XLI.
823 4713 920 4774 De
974 4713 1247 4773 iohannis
1302 4713 1493 4790 capite
1547 4711 1609 4771 in
1713 4716 1971 4775 XXXII.
2068 4716 2188 4777 Ubi
2298 4716 2434 4776 dicit
2559 4716 2722 4794 quod
2822 4712 3039 4791 Deficit
3078 4713 3140 4772 K
3187 4732 3357 4789 usque
3398 4714 3480 4772 ad
3524 4731 3642 4789 cap.
3688 4712 3830 4772 LXI

687 4808 851 4868 disco
881 4809 1079 4868 allato·
1796 4811 2073 4872 Herodes
2105 4812 2327 4872 audiuit
2362 4812 2581 4871 famam
2609 4812 2722 4871 Ihu
2875 4815 2988 4867 tota
3006 4808 3256 4867 columna
3273 4828 3351 4868 ex
3377 4809 3554 4867 codioe
3570 4809 3833 4868 abscissa.

668 4954 918 5006 XXXVI.
950 4956 1083 5005 mu:
1117 4971 1179 5006 eo
1204 4955 1268 5006 G.
1797 4915 1855 4966 et
1898 4906 2203 4984 quomodo
2247 4906 2578 4966 Iohannem
2618 4926 2719 4967 oc-

669 5021 948 5071 XXXVII.
1012 5030 1069 5078 >
1108 5029 1241 5071 stant
1301 5019 1423 5069 soris
1487 5021 1608 5085 ffQ,
1797 5000 1938 5060 cidit
1995 5008 2053 5060 et
2109 5000 2184 5060 de
2234 5001 2426 5077 capite
2479 5001 2602 5059 eius
2657 5001 2718 5058 in

602 5085 725 5135 item
747 5087 919 5137 dicunt
940 5086 1007 5136 ad
1030 5085 1137 5136 iiim
1159 5093 1291 5136 stant
1312 5086 1435 5135 foris
1457 5085 1521 5149 Q.
1798 5094 1964 5155 (fisco
2065 5105 2125 5154 et
2227 5095 2368 5172 quia
2450 5094 2720 5171 discipuli

603 5151 1124 5283 αχὲξρᾚὲὸῗωῑῇ
1138 5158 1294 5268 {212⁰
1288 5154 1611 5281 ἶζπῗξῇῃῶῢ
1796 5190 1922 5249 eius
1950 5189 2435 5248 renuntiauerant
2460 5188 2539 5248 ad
2566 5187 2716 5247 Ihm.

602 5282 725 5331 item
804 5285 864 5331 in
939 5299 1107 5332 unum
1176 5300 1232 5332 ca
1269 5322 1280 5332 .
1347 5283 1462 5332 coni

601 5348 889 5398 XXXVIII
910 5355 960 5397 et
978 5349 1209 5398 XXXVI
1239 5349 1293 5398 11
1314 5348 1387 5398 ff.

670 5413 1000 5464 XXXVIIII.
1036 5415 1280 5464 frumento
1303 5413 1400 5463 cod.
1424 5416 1493 5464 D.

672 5478 1607 5609 XLQJabseinagroffGzomdn
2769 5507 2778 5605 i
