4717 6400
1002 851 1163 903 ΒΨΕ
1217 888 1229 900 .

608 945 904 1005 XXVIII.
944 943 1005 1002 N
1007 853 1215 1003 omin}
1227 940 1628 1019 apostolorum

697 1042 840 1101 dicit
872 1058 1026 1118 quos
1066 1038 1253 1097 missit
1281 1035 1435 1097 Cum
1464 1034 1628 1094 omni

697 1136 981 1196 doctn'na.

612 1418 938 1478 XXVIIII.
982 1417 1044 1476 Si
1070 1435 1181 1477 uos
1209 1422 1630 1492 persequentur

698 1517 762 1573 in
782 1514 1140 1573 unaciuitate
1158 1510 1338 1588 fugite
1355 1509 1417 1567 in
1435 1512 1630 1570 aliam.

619 1919 816 1979 XXX.
859 1916 983 1991 Qui
1035 1918 1241 1994 Diligit
1296 1927 1521 1995 patrem
1571 1927 1628 1976 et

702 2023 952 2073 matrem
991 2013 1121 2090 plus
1150 2012 1330 2091 quain
1369 2031 1466 2070 me
1503 2030 1628 2072 non

702 2119 793 2168 est
826 2126 921 2168 me
953 2107 1184 2184 dignus.

622 2564 849 2622 XXXI.
891 2562 1176 2623 Iohannis
1204 2558 1276 2623 de
1295 2572 1527 2622 carcere
1557 2563 1631 2623 ad

707 2660 852 2719 dffi
880 2660 1054 2718 mittit
1081 2669 1141 2718 et
1165 2659 1255 2718 ihs
1279 2659 1351 2718 de
1373 2659 1632 2719 iohanne

704 2755 962 2831 loquitur
1031 2755 1106 2814 ad
1174 2755 1373 2813 turbas
1425 2753 1519 2813 lex
1575 2763 1634 2813 et

706 2850 965 2927 profetae
986 2868 1171 2926 usque
1200 2850 1277 2910 ad
1297 2848 1630 2909 iohannem.

627 3033 883 3092 XXXII.
926 3033 1046 3092 Ubi
1088 3034 1422 3110 inproperat
1462 3051 1630 3092 coro-

706 3128 840 3186 zain
865 3138 923 3187 et
949 3128 1261 3187 betzaidan
1286 3128 1632 3188 ciuitatibus.

625 3415 913 3476 XXXIII.
960 3415 1265 3476 Confiteor
1311 3417 1414 3475 tibi
1466 3426 1633 3494 pater

711 3511 857 3570 caeli
898 3520 957 3570 et
991 3521 1175 3571 terrae
1209 3512 1349 3589 quia
1377 3513 1631 3571 abscon-

707 3606 837 3666 disti
893 3604 1036 3665 haec
1090 3625 1128 3666 a
1174 3607 1532 3683 sapientibus
1576 3617 1635 3666 et

709 3701 975 3760 reuelasti
1004 3701 1151 3760 haec
1179 3702 1452 3778 paruulis.

625 3796 946 3857 XXXIIII.
976 3795 1096 3855 Ubi
1126 3796 1393 3874 discipuli
1414 3796 1636 3855 uellunt

707 3890 901 3968 spicas
929 3890 1202 3950 sabbatis.

624 4360 877 4420 XXXV.
934 4362 1055 4421 Ubi
1109 4381 1354 4422 manum
1408 4362 1633 4423 aridam

708 4458 935 4517 sanauit
974 4468 1034 4517 et
1074 4458 1379 4517 hominem
1415 4476 1452 4517 a
1493 4458 1634 4518 dae-

693 4606 947 4658 xxvm.
986 4610 1129 4656 dicit
1151 4621 1325 4664 quos:
1362 4606 1564 4671 inponit
1585 4613 1635 4656 et

628 4673 695 4723 G.
750 4671 978 4722 doctrina
1000 4673 1042 4720 si
1064 4677 1149 4722 etc.
1174 4673 1233 4721 in
1254 4673 1414 4722 codem
1437 4680 1540 4735 cap.
1558 4671 1631 4722 Ψ.

691 4737 972 4788 XXVIIII.
1028 4746 1384 4802 persequuntur
1457 4738 1636 4801 ΨΕΩ.

626 4820 777 4855 unam
810 4804 1066 4853 ciuitatem
1099 4803 1275 4867 ΨΕΩ.

693 4870 1028 4998 XXX.Qplus
1051 4884 1222 4928 quam
1242 4887 1252 4918 :
1291 4885 1438 4934 super
1457 4868 1634 4933 ΨΕΩ.

626 4951 722 4986 om.
746 4951 837 4985 me
912 4972 924 4984 .

693 5001 891 5050 XXXI.
927 5005 1096 5050 dn—ffi:
1138 4998 1455 5063 ihmffGQz
1495 5001 1638 5056 >ad

626 5069 732 5116 ihm
766 5067 829 5116 de
862 5083 1057 5117 carcere
1095 5067 1210 5130 GQ.
1297 5067 1436 5121 >ad
1466 5067 1637 5116 turbas

627 5134 850 5196 loquitur
881 5133 1057 5197 ΨΕΩ.
1144 5133 1217 5181 ad
1256 5135 1352 5181 lex
1396 5133 1494 5181 inc.
1533 5138 1637 5195 cap.

628 5199 893 5248 XXXIIII
917 5199 1007 5259 Ψ;
1039 5207 1088 5248 et
1110 5198 1194 5248 lex
1217 5198 1330 5262 GQ.

693 5265 946 5315 XXXIII.
981 5281 1075 5314 om.
1101 5267 1247 5314 caeli
1277 5271 1336 5314 et
1365 5268 1549 5314 terrae
1574 5263 1639 5312 G.

629 5331 859 5381 reuelasti
893 5346 955 5380 ea
988 5330 1150 5394 ΨΕΩ
1169 5347 1184 5391 ;
1231 5344 1314 5380 ÷a
1346 5345 1453 5394 sap.
1485 5330 1535 5379 D
1559 5328 1646 5377 sed

651 5404 949 5461 xpumtum.

696 5464 975 5514 xxxlm.
1006 5471 1062 5518 >
1074 5462 1238 5528 spicas
1254 5461 1446 5510 uellunt
1462 5460 1637 5522 ΨΕΩ.

696 5530 916 5580 XXXV.
950 5545 1044 5579 om.
1065 5536 1122 5579 et
1134 5535 1253 5576 ante
1265 5529 1556 5576 hominem
1575 5525 1637 5588 Q.

2089 850 2128 900 J
2158 849 2389 912 (breues).

1735 937 1868 999 XX.
1910 938 2030 998 Ubi
2099 940 2380 1016 praedicit
2443 940 2744 1017 discipulis

1815 1036 2289 1111 persecutionem
2323 1046 2382 1093 et
2409 1035 2572 1112 quod
2611 1052 2741 1093 cor-

1812 1146 1925 1206 pus
1951 1130 2252 1190 occidatur
2279 1147 2403 1189 non
2431 1130 2641 1188 anima.

1734 1411 1901 1470 XXI.
1946 1410 2040 1470 De
2065 1412 2295 1470 duobus
2317 1411 2654 1488 passeribus
2683 1421 2741 1469 et

1815 1505 1950 1564 dicit
1997 1506 2138 1582 quia
2185 1523 2308 1564 non
2350 1506 2489 1564 ueni
2534 1523 2742 1582 pacem

1815 1600 2040 1659 mittere
2091 1601 2152 1659 in
2195 1610 2409 1659 terram
2467 1600 2571 1659 sed
2616 1599 2740 1675 gla-

1816 1694 2001 1753 diunh

1738 2562 1940 2623 XXII.
1984 2542 2105 2622 Ubi
2144 2544 2447 2624 Iohannes
2484 2548 2640 2623 misit
2668 2564 2744 2624 ad

1819 2659 2019 2719 Iesum
2096 2659 2421 2736 discipulos
2492 2677 2631 2719 suos
2690 2671 2746 2720 et

1818 2755 1986 2814 Iesus
2014 2754 2154 2812 dicit
2190 2754 2264 2812 de
2305 2771 2379 2813 eo
2418 2755 2581 2830 quod
2619 2755 2745 2831 ipse

1817 2859 1906 2910 est
1934 2848 2144 2908 Helias
2172 2850 2274 2926 qui
2301 2858 2583 2909 uenturus
2613 2860 2718 2909 est.

1737 3049 1965 3108 XXIII.
2006 3031 2101 3107 De
2157 3049 2354 3125 pueris
2411 3047 2747 3107 sedentibus

1818 3145 1878 3203 in
1938 3142 2069 3204 foro
2128 3152 2187 3201 et
2250 3143 2350 3201 ubi
2407 3143 2746 3221 inproperat

1819 3239 2147 3298 ciuitatibus
2185 3239 2326 3314 quia
2364 3238 2418 3296 ei
2458 3254 2581 3298 non
2619 3256 2745 3297 cre-

1818 3333 2105 3393 diderunt.

1736 3427 1999 3486 XXIIII.
2043 3425 2353 3485 Confessio
2376 3424 2512 3485 Iesu
2536 3425 2611 3484 ad
2641 3444 2746 3501 pa-

1819 3532 1966 3581 trem
2016 3533 2074 3579 et
2123 3520 2196 3579 de
2252 3520 2392 3595 iugo
2437 3522 2564 3578 eius
2609 3521 2748 3598 quia

1820 3634 2000 3675 suane
2028 3624 2132 3674 est.

1740 3804 1931 3863 xxv.
1975 3785 2095 3862 Ubi
2126 3801 2397 3878 discipuli
2426 3801 2541 3861 nm
2573 3797 2747 3862 uene-

1819 3902 1961 3960 bant
2025 3898 2218 3974 spicas
2273 3905 2331 3956 et
2363 3897 2462 3955 ‘de
2511 3895 2749 3956 homine

1820 3996 1882 4053 in
1935 3992 2255 4070 Synagoga
2327 3992 2427 4068 qui
2504 3992 2748 4050 manum

1819 4088 2076 4147 habebat
2103 4086 2344 4146 aridam.

1666 677 2198 740 SECUNDUM
2235 678 2370 737 MA
2388 676 2798 739 TTHEUM.

3767 698 3843 763 27

3306 851 3374 902 K.

2926 941 3322 1018 apostolorum
3351 943 3491 1003 dicit
3523 962 3672 1021 quos
3698 945 3854 1004 misit

2929 1054 3068 1094 cum
3113 1039 3278 1097 omni
3317 1039 3586 1098 doctrina
3623 1046 3677 1098 et
3698 1036 3848 1119 ut(?)

2927 1131 3243 1207 prudentes
3260 1134 3372 1190 sint
3388 1135 3538 1193 sicut
3554 1145 3852 1210 serpentes

2929 1235 3133 1285 monet
3158 1234 3212 1283 et
3242 1228 3392 1302 quod
3410 1228 3586 1287 frater
3612 1228 3850 1288 fratrem

2928 1320 3001 1377 sit
3029 1320 3355 1380 traditurus,

2846 1412 3102 1471 XXVII.
3144 1413 3263 1473 Ubi
3303 1415 3441 1473 dicit
3481 1416 3530 1474 si
3569 1433 3678 1476 uos
3717 1434 3851 1494 per-

2928 1518 3242 1585 sequentur
3264 1511 3325 1567 in
3347 1528 3528 1569 unam
3556 1509 3852 1570 ciuitatem

2929 1602 3110 1679 sugite
3144 1605 3205 1662 in
3240 1605 3414 1662 aliam
3447 1616 3505 1663 et
3538 1602 3703 1682 quod
3729 1623 3852 1664 non

2927 1699 3153 1756 uenerit
3179 1717 3386 1776 pacem
3425 1700 3650 1759 mittere
3678 1716 3853 1776 super

2926 1802 3140 1851 terram
3167 1793 3272 1851 sed
3299 1794 3575 1870 gladium.

2851 1885 3139 1944 XXVIII.
3182 1886 3301 1947 Ubi
3359 1887 3497 1947 dicit
3544 1889 3646 1966 qui
3693 1898 3853 1948 amat

2928 1990 3158 2057 patrem
3229 1993 3330 2041 aut
3399 1993 3650 2042 matrem
3720 1984 3855 2061 plus

2929 2092 3109 2152 quam
3136 2093 3233 2134 me
3261 2094 3384 2135 non
3413 2086 3499 2135 est
3527 2095 3622 2135 me
3643 2077 3856 2153 dignus

2932 2178 2990 2227 et
3017 2169 3119 2245 qui
3147 2187 3258 2229 uos
3286 2171 3490 2247 recipit
3518 2190 3612 2230 me
3633 2171 3854 2248 recipit.

2851 2552 3173 2628 XXVIIII.
3234 2567 3533 2628 Iohannes
3601 2568 3678 2627 ad
3732 2568 3855 2627 ihm

2933 2663 3176 2723 'mandat
3199 2671 3264 2721 tu
3285 2680 3348 2721 es
3367 2663 3466 2739 qui
3498 2671 3775 2722 uenturus
3791 2680 3857 2722 es

2933 2777 3010 2816 an
3040 2758 3219 2817 alium
3248 2767 3630 2833 expectamus
3672 2768 3730 2815 et
3767 2755 3857 2815 ihs

2932 2852 3071 2911 dicit
3099 2852 3194 2910 lex
3233 2860 3290 2909 et
3322 2850 3642 2927 prophetae
3669 2868 3858 2929 usque

2932 2947 3007 3005 ad
3019 2940 3335 3027 iohannem
3343 2944 3858 3022 prophetauerunt.

2850 3041 3044 3100 XXX.
3086 3039 3204 3098 Ubi
3222 3041 3500 3117 proponit
3517 3039 3857 3115 parabolam

2933 3134 3006 3194 de
3048 3135 3245 3213 pueris
3274 3134 3610 3193 sedentibus
3636 3132 3696 3190 in
3726 3131 3857 3192 soro

2933 3240 2994 3291 et
3037 3231 3397 3307 improperat
3444 3227 3758 3287 chorozain
3800 3238 3859 3286 et

2932 3311 3236 3385 bethsaida
3257 3323 3418 3400 quod
3446 3340 3572 3381 non
3599 3322 3858 3400 egissent

2931 3418 3342 3500 paenitentiae.

2851 3513 3077 3574 XXXI.
3143 3511 3264 3571 Ubi
3333 3505 3642 3571 confitetur
3706 3509 3860 3586 patri

2934 3606 3098 3686 quod
3125 3605 3467 3666 reuelauerit
3496 3622 3558 3663 se
3601 3602 3859 3681 paruulis

2935 3713 2994 3762 et
3033 3702 3196 3778 quod
3236 3699 3442 3775 iugum
3483 3698 3634 3757 illius
3679 3715 3860 3756 suaue

2934 3806 3022 3855 est
3050 3803 3108 3854 et
3142 3812 3292 3853 onus
3320 3793 3467 3852 leue.

2856 3890 3111 3949 XXXII.
3158 3887 3277 3946 Ubi
3326 3886 3594 3964 discipuli
3636 3884 3862 3944 uellunt

2937 3984 3132 4062 spicas
3156 3981 3413 4042 sabbatis
3442 3982 3501 4038 et
3530 3979 3690 4056 quod
3719 3978 3860 4038 ‘mis-

2935 4076 3282 4136 ericordiam
3311 4073 3436 4132 uult
3463 4072 3651 4150 magis
3678 4090 3860 4149 quam

2935 4170 3298 4231 sacrificium.

1739 4370 1966 4431 XXVI.
2010 4359 2105 4430 De
2159 4368 2399 4428 homine
2461 4385 2639 4427 caeco
2691 4376 2751 4425 et
2854 4358 3142 4419 XXXIII.
3185 4356 3439 4415 Manum
3476 4352 3699 4412 aridam
3725 4370 3860 4412 san-

1819 4476 1985 4526 muto
2021 4483 2199 4543 quem
2235 4463 2614 4523 daemonium
2645 4460 2748 4520 ha-

2937 4456 3054 4514 auit
3109 4462 3168 4513 et
3220 4451 3359 4509 dicit
3412 4449 3547 4508 licet
3603 4448 3863 4508 sabbatis

3308 5620 3424 5669 132
