4717 6400
860 705 985 772 302
1814 688 1921 750 CA
1929 684 2267 747 PITULA
2321 686 2440 748 [Ν
2477 685 2654 747 EUA
2664 685 2918 749 NGEL
2926 683 3118 746 JUM

1186 855 1392 906 AHVY
1407 854 1564 905 Harl.
1591 865 1731 919 2797.
2533 855 2692 920 c(T).

861 946 1236 1008 LXXXIIII.
1281 947 1524 1020 Quaerit
1550 947 1852 1025 quomodo
1879 947 2058 1006 chris-
2239 947 2424 1008 Addit
2462 948 2537 1008 de
2582 966 2647 1008 se
2693 949 3058 1026 interrogans

943 1054 1039 1102 tus
1067 1041 1215 1102 filius
1242 1042 1314 1102 sit
1340 1041 1520 1102 dauid
1535 1059 1671 1101 cum
1689 1040 1959 1101 dominus
1980 1042 2057 1099 ab
2321 1042 2627 1120 quomodo
2707 1048 2821 1120 xps
2905 1043 3056 1103 filius

940 1152 1015 1196 eo
1042 1145 1351 1195 uocaretur
1381 1136 1442 1194 in
1480 1133 1707 1212 psalmo
1740 1135 2055 1195 centesimo
2319 1136 2501 1197 dauid
2598 1148 2787 1196 aesset
2874 1155 3057 1215 quum

939 1247 1100 1289 nono
1128 1228 1440 1289 elationem
1466 1246 1705 1306 quoque
1734 1228 2053 1288 scribarum
2319 1249 2493 1292 aeum
2522 1232 2646 1309 ipse
2675 1231 2819 1291 diim
2848 1231 3003 1292 dicat

937 1324 1128 1400 arguit
1181 1323 1423 1382 uiduam
1475 1323 1538 1381 in
1589 1323 2053 1400 gazophilacium
2236 1324 2315 1383 Et
2368 1335 2571 1384 monet
2626 1343 2663 1384 a
2704 1324 2908 1386 scribis
2956 1344 3055 1386 ca-

939 1416 1058 1475 duo
1087 1435 1222 1476 aera
1256 1416 1578 1476 mittentem
1612 1416 1744 1495 plus
1779 1416 2054 1476 omnibus
2316 1420 2579 1479 uendum

937 1511 1164 1572 misisse
1191 1511 1516 1571 confirmat.
2235 1511 2496 1571 Uiduam
2544 1513 2741 1573 laudat
2784 1531 2935 1593 quae
2991 1514 3053 1573 in

2319 1607 2564 1667 donario
2633 1608 2754 1667 duo
2825 1608 3054 1667 minuta

2317 1702 2492 1761 misit.

854 1960 1163 2023 LXXXV.
1231 1961 1630 2022 Laudantibus
1726 1963 2051 2024 aedificium
2236 1982 2329 2042 1)e
2355 1984 2557 2062 templi
2586 1994 2646 2044 et
2671 1994 2954 2044 structum

935 2056 1133 2133 templi
1155 2057 1433 2133 praedicit
1449 2060 1612 2117 ocius
1634 2057 2050 2119 destruendum
2234 2077 2328 2137 De
2356 2078 2548 2138 sutum
2575 2079 2980 2154 persecutione

934 2160 992 2208 et
1014 2150 1497 2227 interrogantibus
1519 2151 1593 2211 de
1616 2151 1731 2210 fine
1752 2151 2051 2228 respondit
2232 2171 2326 2231 De
2355 2173 2511 2232 exim
2540 2172 2919 2232 Ihiemsalem

933 2245 1087 2302 mala
1106 2244 1355 2321 plurima
1371 2264 1739 2322 praecessura
1758 2265 1867 2305 nec
1879 2264 2047 2323 prae·
2232 2266 2324 2327 De
2354 2267 2471 2326 fine
2500 2266 2713 2327 saeculi

934 2338 1311 2415 cogitandum
1341 2340 1480 2415 quid
1515 2339 1703 2398 traditi
1735 2341 2047 2417 loquantur

932 2431 1038 2490 sed
1095 2432 1156 2490 in
1212 2433 1486 2509 patientia
1540 2452 1646 2493 sua
1709 2432 2046 2512 possideant

931 2544 1156 2585 ammas
1185 2544 1335 2586 suas,

852 2617 1191 2680 LXXXVI.
1233 2619 1727 2681 Circumdandam
1768 2622 1845 2681 ab
1877 2639 2046 2680 exer-

931 2713 1052 2772 citu
1079 2713 1422 2774 hierusalem
1447 2725 1504 2774 et
1532 2733 1641 2775 uae
1677 2717 2046 2794 praegnanti-

930 2808 1041 2867 bus
1056 2808 1316 2885 gladium
1331 2826 1566 2888 quoque
1583 2820 1640 2869 et
1656 2811 2047 2887 captiuitatem

932 2902 1212 2980 signaque
1254 2904 1398 2963 caeli
1439 2903 1629 2965 futura
1675 2923 1856 2982 seque
1902 2922 2048 2963 uen-

934 3006 1126 3055 turum
1206 2997 1267 3056 in
1336 3000 1494 3058 nube
1563 3018 1698 3059 cum
1766 3008 2050 3077 potestate
2233 3010 2326 3070 De
2340 3010 2599 3070 aduentu
2616 3009 2718 3088 xpi
2738 3010 2799 3069 in
2819 3027 3050 3087 mages-

936 3107 1152 3166 magna
1180 3100 1238 3149 et
1265 3092 1565 3152 maiestate
1593 3092 1886 3170 praedicit.
2315 3115 2453 3166 tate,

854 3180 1226 3245 LXXXVII.
1270 3184 1562 3266 Respicite
1585 3187 1767 3266 inquit
1788 3187 1925 3267 quia
1946 3186 2050 3246 ad·
2234 3201 2311 3261 Et
2345 3200 2715 3261 similitudine
2749 3199 3047 3259 ficulneae.

933 3280 1284 3358 propinquat
1354 3282 1637 3341 redemtio
1704 3296 1898 3342 uestra
1973 3281 2049 3342 ab

931 3374 1205 3434 ebrietate
1262 3394 1499 3454 quoque
1553 3388 1611 3436 et
1667 3379 1821 3436 curis
1878 3377 2048 3436 huius

931 3468 1087 3528 uitae
1129 3470 1448 3545 prohibens
1489 3470 1849 3549 uigilandum
1882 3490 2047 3550 prae-

933 3563 1072 3639 cipit
1099 3573 1155 3621 et
1183 3565 1491 3624 orandum.

851 3653 1250 3716 LXXXVIII.
1279 3658 1455 3719 Iudas
1472 3659 1782 3737 paciscitur
1797 3662 2047 3737 pretium
2150 3674 2558 3731 xvnn.ne
2570 3672 2938 3730 azimorum
2947 3671 3046 3730 di-

931 3764 1140 3830 parant
1167 3752 1435 3831 discipuli
1464 3754 1683 3832 pascha
1710 3756 2046 3832 mysterium
2312 3782 2393 3825 aa
2420 3766 3006 3836 adpropinquante

929 3865 1145 3907 caenae
1174 3847 1499 3909 dominicae
1526 3850 1861 3910 celebratur.
2232 3859 2411 3919 Iudas
2459 3858 2748 3919 daemone
2794 3858 3047 3935 repletus

2312 3952 2390 4013 de
2464 3953 2730 4013 tradendi
2813 3963 3047 4029 tempus

2312 4048 2603 4126 paecunia
2634 4047 2713 4105 ibi
2741 4047 3044 4124 promissa.

2232 3484 2312 3542 Et
2338 3494 2541 3542 monet
2568 3481 2949 3559 uigilandum.

850 4135 1188 4199 LXXXIX.
1239 4138 1691 4200 Contentionem
1734 4140 2048 4218 discipulo·
2233 4141 2307 4201 Et
2318 4141 2838 4201 discumbendibus
2847 4158 3047 4200 secum

930 4251 1061 4292 rum
1104 4252 1166 4292 se
1208 4234 1403 4312 ipsum
1444 4234 1671 4294 illorum
1714 4235 2046 4295 ministrum
2314 4235 2611 4312 discipulis
2622 4245 3046 4295 sacramentum

2098 4357 2104 4412 ι
2313 4330 2484 4407 panis
2530 4341 2626 4389 aet
2672 4329 2869 4389 calicis
2913 4328 3048 4387 hos-

2098 4415 2104 4478 Ι
2315 4424 2513 4483 tendit.

914 4633 1236 4685 LXXXIIII.
1296 4635 1502 4686 domino
1557 4635 1620 4686 Y.
1711 4643 1915 4685 uocetur
1973 4636 2044 4687 H.
2216 4633 2418 4683 XVIII.
2467 4632 2658 4682 addidit
2699 4633 2848 4681 Alex.
2899 4644 2959 4681 10
3001 4637 3049 4681 et

846 4699 1061 4750 elatione
1087 4701 1155 4749 H.
1223 4701 1374 4750 uidua
1397 4701 1468 4750 H.
2160 4699 2274 4751 Uat.
2290 4712 2436 4762 4²21·
2503 4702 2567 4747 in
2588 4700 2852 4747 donario:
2886 4698 2937 4746 in
2960 4713 3044 4761 ga·

915 4765 1176 4817 LXXXV.
1213 4770 1400 4817 ocius:
1442 4782 1475 4816 o
1513 4765 1652 4817 cuius
1693 4767 1828 4822 HY:
1873 4766 2048 4832 pocius
2149 4765 2428 4814 zofilacium
2449 4764 2515 4813 al.
2534 4770 2614 4828 ap.
2640 4764 2811 4813 Thone.
2875 4769 3046 4813 σηκοῦ

849 4832 1006 4881 Harl.
1075 4847 1462 4889 praecessura:
1499 4847 1751 4898 praessura
1776 4832 1846 4881 H.
2139 4837 2254 4896 post
2275 4833 2476 4887 templi
2499 4830 2670 4879 ΤΙιονη.
2729 4836 2778 4877 et
2801 4828 3044 4878 defutura

914 4897 1199 4948 LXXXVI.
1235 4898 1584 4949 circumdanda
1610 4898 1678 4948 H.
1744 4899 2043 4963 praegranti-
2149 4912 2197 4960 p.
2218 4904 2267 4946 et
2287 4896 2350 4944 de
2373 4911 2450 4944 ex.
2469 4893 2517 4943 h.
2537 4902 2586 4944 et
2607 4894 2669 4944 de
2692 4893 2789 4943 fine
2811 4910 2849 4943 s.
2873 4894 3043 4943 Thom.

850 4962 941 5012 bus
966 4964 1030 5011 A.
1098 4968 1156 5012 et
1176 4979 1292 5014 sea:
1329 4964 1380 5011 in
1409 4964 1474 5012 H.
1542 4964 1828 5028 captiuitate
1853 4964 1923 5013 H.
2148 4971 2195 5011 et
2221 4967 2472 5010 ammonet
2493 4961 2641 5010 Alex.
2662 4973 2736 5023 14.

915 5028 1229 5080 LXXXVII.
1267 5029 1534 5094 resipiscite
1568 5031 1631 5078 A.
1699 5030 1954 5095 praecepit
1988 5028 2041 5077 H
2215 5026 2442 5076 XVIIII.
2469 5031 2715 5083 tempus:
2736 5026 2804 5074 al.
2821 5034 2921 5076 tem
2994 5040 3044 5074 re

844 5094 1000 5143 Harl.
2144 5098 2223 5156 ap.
2278 5092 2448 5141 Thom.
2539 5094 2653 5140 ibi:
2709 5090 2805 5139 sibi
2871 5092 2921 5139 T
2973 5106 3038 5140 m.

910 5158 1256 5210 LXXXVIII.
1316 5163 1653 5219 paciscitur:
1714 5160 1932 5224 pascitur
1987 5160 2039 5208 H
2147 5157 2629 5221 promisss÷ponit
2659 5156 2723 5205 al.
2759 5162 2839 5220 ap.
2870 5156 3041 5206 Thom.

846 5224 1001 5276 Harl.
1069 5227 1316 5283 pretium
1346 5240 1382 5274 -ι-
1414 5241 1525 5274 cum
1577 5225 1768 5274 iudaeis
1814 5225 1857 5273 V
1882 5226 2039 5275 Harl.
2146 5225 2441 5273 hostendit
2468 5237 2503 5270 «ι-
2536 5238 2595 5272 ac
2631 5221 2919 5272 traditorem
2959 5221 3042 5271 de·

845 5290 1103 5354 discipulis
1124 5292 1279 5341 Harl.
1346 5290 1628 5340 dominicae
1649 5291 2042 5351 celebmntnrY5
2145 5289 2308 5353 signat
2337 5288 2512 5339 Thone.

844 5356 1034 5405 domini
1057 5356 1387 5406 caelebrantes
1410 5355 1480 5407 H.

911 5421 1202 5472 LXXXIX.
1239 5424 1553 5473 contentione
1579 5420 1649 5472 H.

3165 853 3292 905 BoJ
3300 853 3612 921 (braces->ox
3622 856 3746 908 Par.
3756 857 3869 908 Lat.
3888 858 4059 921 10438.

3160 1520 3401 1581 uiduam
3454 1519 3654 1582 laudat
3718 1536 3871 1599 quae
3940 1518 4059 1580 duo

3240 1615 3465 1676 minuta
3492 1614 3554 1674 in
3582 1613 3826 1674 donario
3855 1613 4010 1673 misit

3154 2279 3211 2329 et
3240 2268 3314 2328 de
3341 2267 3458 2328 fine
3496 2268 3709 2329 saeculi
3747 2279 3922 2346 atque
3954 2266 4056 2328 ad·

3236 2374 3417 2424 uentu
3446 2381 3554 2423 suo
3585 2363 3867 2443 praedicit

3153 3669 3411 3731 XVIIII.
3498 3669 3676 3730 Iudas
3784 3669 4050 3730 tradendi

3233 3765 3377 3824 dfim
3406 3777 3637 3842 tempus
3663 3765 3831 3841 ponit

3154 4141 3242 4200 ihs
3287 4149 3719 4200 sacramentum
3774 4139 3941 4216 panis
3989 4151 4049 4200 et

3233 4234 3428 4294 calicis
3455 4233 3714 4294 ostendit

3213 4629 3412 4680 XVIII.
3446 4632 3720 4680 nasim-et
3764 4628 3828 4677 de
3869 4628 4048 4678 saddu-

3147 4697 3290 4746 caeis.
3350 4696 3411 4745 de
3446 4702 3634 4759 septem
3666 4694 3786 4743 uiris
3820 4693 4048 4743 fratribus

3147 4764 3234 4827 qui
3276 4776 3424 4810 unam
3469 4760 3727 4808 mulierem
3773 4758 4048 4808 habuerunt

3146 4824 4046 4948 ””⁰‘3¹”··d‘ffi{’.¹z⁰{;'.2³3¹²”‘.“.¹2¹¹?:.;

3146 4902 3275 5008 tssffe
3288 4909 3518 5008 (guillam.
3564 4927 3836 5005 aduentu:
3867 4963 4046 5006 euentu

3146 5025 3209 5075 O.
3277 5024 3530 5090 praedicat
3556 5021 3597 5071 B
3618 5020 3788 5071 Thone.
