4717 6400
934 674 977 735 6
1587 676 1984 738 EUSEBII
2016 676 2474 738 EPISTULA
2528 677 2659 736 AD
2706 678 3288 743 CARPJANUM.

1705 1079 2099 1171 [INCIPIT
2146 1084 2707 1153 PRAEFATIO
2754 1085 3169 1152 EUSEBII.

1063 1268 1358 1334 Epistulam
1379 1268 1595 1319 Eusebii
1612 1269 1686 1318 ad
1707 1270 2025 1334 Carpianwn
2046 1271 2297 1321 edidimus
2316 1288 2382 1322 ex
2399 1273 2556 1322 codice
2578 1272 2645 1335 Y,
2660 1273 2905 1322 adhibitis
2923 1273 3226 1323 editionibus
3256 1271 3518 1323 Thomasii
3540 1274 3658 1338 (Op.
3683 1272 3726 1324 1.
3746 1287 3839 1337 315
3862 1275 3935 1326 ed.

1266 1351 1484 1413 Ueszosi)
1503 1352 1600 1416 qui
1615 1367 1642 1400 e
1661 1352 1761 1401 cod.
1785 1352 1928 1402 Orat.
1946 1354 2014 1403 B.
2033 1365 2138 1414 vn,
2153 1354 2285 1403 codd.
2302 1355 2529 1419 Reginae
2541 1356 2761 1415 Suetiae,
2779 1355 2898 1405 item
2924 1356 3073 1406 Alex.
3097 1368 3174 1419 14,
3194 1356 3309 1404 Pal.
3330 1369 3394 1419 49
3417 1362 3465 1405 et
3488 1355 3604 1405 Uat.
3622 1368 3774 1419 4221,
3791 1356 3937 1406 illam

1259 1433 1592 1498 impresserat,
1613 1441 1662 1483 et
1684 1435 1939 1484 Uallarsii
1963 1437 2132 1498 (Hier.
2155 1436 2243 1500 Op.
2264 1437 2330 1487 X.
2348 1436 2473 1502 666)
2498 1437 2590 1486 ubi
2610 1453 2674 1487 ex
2694 1437 2926 1487 Fabricii
2940 1437 3182 1487 Editione
3204 1436 3493 1486 Bibliothec.
3514 1438 3681 1487 Graec.
3697 1437 3809 1487 Lib.
3834 1439 3876 1488 I
3880 1439 3936 1489 V.

1257 1522 1362 1580 cap.
1385 1531 1418 1580 4
1437 1517 1651 1580 epistula
1671 1517 1928 1582 desumpta
1947 1523 2018 1567 est
2032 1533 2057 1577 ;
2090 1519 2342 1568 Erasmus
2366 1534 2486 1568 uero
2511 1519 2666 1582 (Nou.
2693 1520 2818 1570 Test.
2845 1518 2995 1582 1535)
3014 1534 3246 1584 graecam
3269 1525 3473 1568 tantum
3494 1519 3771 1569 versionem
3794 1520 3937 1569 exhi-

1255 1598 1346 1655 bet,
1368 1605 1416 1648 et
1449 1598 1687 1648 dubitant
1715 1599 1885 1647 m‘tiei
1912 1615 1984 1648 an
2015 1601 2178 1649 uersio
2210 1601 2378 1650 latina
2403 1617 2467 1651 ex
2489 1601 2799 1665 Hieronymi
2818 1617 2980 1650 manu
3001 1602 3073 1650 sit
3078 1617 3104 1662 ;
3141 1602 3276 1667 quod
3301 1601 3592 1650 Uallarsius
3620 1602 3936 1651 uen'similli·

1258 1696 1398 1730 mnne
1422 1696 1518 1731 esse
1538 1680 1751 1743 iudicat,
1772 1688 1872 1745 pm
1891 1688 2020 1731 certo
2040 1698 2254 1733 asserere
2277 1699 2381 1733 non
2401 1683 2566 1733 audet.

1060 1780 1223 1831 Inscr.
1254 1782 1473 1838 Inoipit
1503 1782 1784 1838 praefatio
1817 1783 2035 1831 eusebii
2056 1780 2135 1832 Y:
2171 1780 2356 1847 Incipit
2390 1782 2633 1848 prologus
2653 1782 2839 1832 eusebii
2860 1781 3084 1847 episcopi
3106 1781 3170 1831 de
3191 1781 3362 1831 decem
3383 1781 3657 1832 canonibus
3683 1781 3936 1848 euangeli-

1258 1877 1401 1912 orum
1432 1862 1605 1912 Thom.
1673 1862 1876 1914 Eusebii
1900 1864 2217 1914 caesariensis
2235 1865 2454 1930 epistola
2476 1865 2530 1915 in
2553 1866 2905 1930 subsequentes
2928 1879 3144 1915 oenones
3164 1863 3542 1928 euangeliorum
3575 1865 3715 1915 Uall.

1105 2070 1436 2136 Eusebius
1468 2071 1800 2155 Carpia'no
1827 2072 2010 2139 fratri
2048 2074 2114 2138 in
2147 2074 2443 2139 Domino
2479 2075 2785 2140 salutem.
2873 2073 3281 2138 Ammonius
3323 2073 3595 2157 quidem
3625 2072 3934 2139 Alexan-

929 2175 1158 2240 drinus
1188 2197 1433 2260 magno
1461 2178 1685 2241 studio
1716 2187 1918 2259 atque
1949 2178 2271 2243 industria
2302 2199 2508 2243 unum
2547 2180 2741 2244 nobis
2786 2200 2910 2262 pro
2957 2188 3275 2260 quattuor
3304 2176 3666 2262 euangeliis
3698 2177 3932 2243 dereli-

927 2280 1093 2363 quit.
1180 2280 1494 2363 Namque
1537 2281 1737 2345 trium
1791 2282 2285 2364 euangeliorum
2339 2303 2574 2347 sensus
2618 2292 2957 2366 exceptos,
3005 2302 3238 2345 omnes
3282 2281 3529 2345 similes
3575 2291 3935 2346 contextus

932 2382 1220 2447 Matthei
1252 2383 1597 2467 euangelio
1629 2385 1817 2466 quasi
1848 2387 1935 2450 ad
1959 2406 2164 2450 unum
2197 2397 2547 2470 congestos
2572 2386 2896 2452 adnexuit
2922 2411 2939 2463 3
2987 2386 3083 2450 ita
3104 2393 3179 2448 ut
3202 2385 3585 2459 eorundem,
3610 2396 3932 2467 quantum

873 2510 905 2563 5
932 2488 1017 2551 ad
1067 2497 1365 2551 tenorem
1419 2489 1703 2573 pertinet
1761 2487 2084 2567 lectionis»,
2146 2510 2432 2573 sequens
2492 2491 2626 2554 iam
2685 2489 2876 2555 stilus
2936 2489 3344 2572 interruptus
3403 2508 3549 2553 esse
3607 2489 3933 2553 uideatur.

932 2591 1188 2656 Uerum
1221 2601 1313 2669 ut,
1348 2592 1533 2656 saluo
1564 2611 1834 2675 corpore
1865 2593 2006 2657 siue
2036 2603 2228 2659 textu
2270 2603 2643 2660 ceterorum
2673 2590 2828 2678 (hoc
2860 2603 2961 2657 est
2993 2588 3535 2678 euangeliorum),
3570 2592 3833 2675 propria
3863 2603 3932 2656 et

929 2693 1279 2760 familiaria
1307 2694 1454 2760 loca
1485 2698 1551 2759 in
1583 2696 1823 2779 quibus
1853 2698 2087 2761 eadem
2132 2697 2565 2781 similiterque
2611 2698 2904 2762 dixerint
2951 2697 3119 2761 scire
3162 2698 3396 2781 possis,
3426 2715 3504 2760 ac
3541 2717 3695 2760 uere
3723 2697 3932 2760 disse-

931 2819 1088 2873 rere,
1119 2810 1392 2884 accepta
1422 2801 1767 2865 occasione
1811 2822 1899 2864 ex
1945 2802 2264 2884 praedicti
2295 2802 2420 2865 uiri
2461 2803 2707 2881 studio,
2738 2800 2871 2865 alia
2913 2801 3168 2865 ratione
3204 2801 3437 2865 decem
3482 2820 3758 2863 numero
3804 2800 3928 2864 tibi

929 2903 1159 2967 titulos
1198 2904 1562 2987 designaui.
1651 2904 1952 2986 Quorum
1997 2906 2250 2989 primus
2296 2916 2613 2989 quattuor
2658 2907 2723 2969 in
2768 2927 2842 2970 se
2886 2906 3181 2970 continet
3224 2924 3534 2968 numeros
3581 2904 3646 2966 in
3691 2904 3932 2986 quibus

839 3022 906 3069 10
930 3007 1170 3072 similia
1213 3009 1300 3072 ab
1346 3008 1667 3073 uniuersis
1710 3009 1891 3073 dicta
1935 3019 2130 3088 sunt;
2178 3009 2509 3088 Matthe0,
2542 3011 2794 3088 Marco,
2824 3009 3029 3083 Luca,
3063 3008 3383 3073 Iohanne.
3476 3007 3823 3073 Secundus
3861 3008 3928 3071 in

928 3112 1170 3193 quibus
1211 3122 1363 3188 treS,
1397 3111 1759 3187 Mattheus,
1797 3113 2081 3189 Marcus,
2113 3113 2354 3181 Lucas.
2444 3114 2710 3178 Tertius
2740 3115 2805 3176 ln
2838 3113 3078 3196 quibus
3109 3122 3263 3187 treS,
3296 3110 3659 3186 MattheuS,
3693 3111 3928 3190 Lucas,

930 3215 1280 3282 IohanneS.
1367 3217 1663 3299 Quartus
1716 3216 1783 3281 in
1830 3218 2071 3300 quibus
2122 3230 2276 3295 tres,
2314 3219 2679 3292 Mattheus,
2728 3218 3014 3296 Marcus,
3071 3217 3424 3281 Iohannes.
3515 3214 3807 3300 Quintus
3862 3217 3929 3280 in

927 3320 1167 3402 quibus
1190 3321 1344 3398 du0‚
1370 3320 1730 3400 Mattheus,
1748 3320 1985 3386 Lucas.
2056 3320 2309 3387 Sextus
2333 3324 2400 3387 in
2425 3324 2664 3406 quibus
2689 3324 2847 3398 du0‚
2873 3321 3205 3399 Matheus,
3231 3321 3517 3384 Marcus.
3587 3318 3930 3403 Septimus

928 3423 998 3487 in
1043 3424 1284 3506 quibus
1342 3425 1495 3504 duo,
1546 3424 1911 3504 Mattheus,
1962 3425 2313 3491 Iohannes.
2405 3428 2705 3493 Octauus
2751 3427 2818 3489 in
2861 3426 3102 3509 quibus
3154 3425 3305 3501 du0‚
3354 3424 3641 3499 Marcus,
3687 3422 3925 3487 LucaS.

842 3543 902 3594 ¹5
930 3526 1170 3591 Nonus
1204 3528 1268 3591 in
1299 3529 1542 3611 quibus
1572 3529 1725 3606 du0‚
1750 3525 1987 3607 Lucas,
2015 3523 2364 3594 Iohannes.
2430 3531 2749 3596 Decimus
2781 3530 2847 3593 in
2878 3529 3119 3613 quibus
3159 3527 3400 3611 singuli
3429 3527 3513 3590 de
3530 3527 3926 3610 quibusdam

928 3632 1193 3715 proprie
1221 3633 1636 3715 scripserunt.
1713 3632 1805 3697 Et
1831 3634 2101 3715 quidem
2133 3635 2581 3699 subiectorum
2602 3634 2949 3699 titulorum
2976 3633 3043 3697 id
3078 3641 3181 3697 est
3204 3639 3706 3712 argumentum3
3749 3631 3925 3695 clara

927 3755 1088 3800 uero
1127 3757 1355 3800 eorum
1400 3738 1692 3802 narratio
1723 3737 1887 3801 haec
1932 3748 2053 3803 est.
2144 3737 2418 3803 Etenim
2461 3759 2580 3822 per
2616 3736 2879 3822 singula
2920 3737 3067 3802 loca
3113 3734 3606 3817 euangeliorum
3649 3735 3926 3818 quidam

925 3859 1235 3904 numerus
1264 3841 1524 3905 uidetur
1552 3841 1918 3924 appositus,
1950 3840 2272 3925 paulatim
2304 3842 2621 3926 incipiens
2650 3863 2691 3906 a
2722 3842 2959 3926 prim0,
2984 3839 3226 3904 deinde
3249 3839 3560 3916 secundo,
3583 3848 3924 3921 postremo

928 3944 1146 4022 tertie,
1175 3953 1244 4009 et
1274 3965 1391 4027 per
1420 3945 1717 4009 ordinem
1747 3944 2069 4010 librorum
2100 3946 2187 4010 ad
2218 3946 2419 4011 finem
2450 3966 2658 4028 usque
2681 3944 3136 4029 progrediens.
3227 3943 3465 4024 Itaque
3488 3962 3607 4025 per
3628 3942 3926 4025 singulos

995 4262 1040 4297 a.
1075 4263 1285 4314 magnus
1306 4249 1493 4309 nom„
1517 4249 1606 4298 sed
1614 4264 1695 4314 gr.
1717 4248 1939 4313 πολλὴν.
1965 4287 1980 4301 .
2002 4288 2016 4302 .
2038 4249 2327 4315 φιλοπονίαν
2582 4264 2661 4301 10.
2694 4250 2947 4301 matthaeo
2981 4249 3152 4299 Tleom,
3180 4247 3315 4298 Uall.
3381 4246 3561 4297 imne
3592 4246 3728 4299 (sau.

929 4364 941 4376 .
963 4363 976 4377 .
997 4364 1010 4376 .
1030 4322 1345 4390 εἰσαγηοχὼς.
1412 4335 1624 4392 quatuor
1648 4327 1818 4378 Hom.
1879 4329 2173 4394 derelinquit
2191 4332 2328 4382 Uall.
2585 4344 2604 4378 1
2618 4344 2660 4381 1.
2694 4330 2977 4381 matthaeus
3039 4327 3210 4378 ηοω.
3271 4325 3408 4376 (sall.
3467 4325 3610 4391 (bis).
3698 4326 3925 4378 matheus

993 4418 1040 4468 3.
1073 4421 1170 4455 om.
1216 4420 1411 4455 omnes
1444 4404 1493 4454 Y
1534 4405 1705 4455 Deam,
1746 4408 1906 4469 (κατι,
1937 4407 2051 4457 adl.
2087 4409 2146 4456 in
2185 4411 2325 4473 mg).
2515 4406 2649 4472 (sec.)
2673 4407 2739 4458 Y.

925 4489 1254 4535 contextus:
1288 4491 1639 4549 contentusque
1660 4484 1710 4533 Y
1736 4484 1910 4535 Thom.
2584 4499 2662 4536 12.
2698 4484 2902 4534 ioannes
2925 4483 3065 4533 Uall.
3124 4481 3351 4531 matheus
3363 4481 3432 4542 Υ,
3449 4480 3728 4532 matthaeus
3752 4481 3923 4532 none.

992 4577 1042 4626 4.
1077 4563 1314 4613 matthaei
1350 4563 1523 4612 Thom.
1555 4563 1692 4613 Uall.
1759 4569 2089 4623 congestum
2124 4580 2325 4629 congre·
2523 4563 2660 4612 Uall.
2727 4564 3028 4611 iohannes:
3062 4558 3202 4609 lucas
3237 4558 3376 4608 Uall.
3408 4565 3581 4608 contra
3606 4573 3844 4622 graecum
3877 4565 3925 4608 et

924 4645 1073 4707 gatos
1128 4641 1300 4692 Thom.
1344 4643 1501 4705 (ἐστι.
1547 4656 1649 4691 non
1693 4642 1833 4706 mg).
1917 4642 2151 4692 annexuit
2193 4643 2326 4695 UaH.
2513 4655 2723 4690 canones
2743 4639 2886 4704 ipsos.

925 4720 1214 4772 eorumdem
1247 4720 1417 4770 nont.
1443 4720 1579 4769 Uall.
2584 4730 2662 4780 13.
2712 4717 2991 4767 matthaeus
3033 4715 3205 4765 Hom.
3256 4713 3391 4766 Uall.
3428 4714 3565 4777 (bis).
3666 4728 3920 4764 matous:

993 4814 1041 4864 5.
1075 4798 1233 4864 stylus
1261 4799 1433 4849 Thom.
1458 4798 1596 4848 Uall.
2513 4796 2755 4847 iohannes
2795 4797 2940 4860 lapsu
2977 4794 3045 4857 Y,
3080 4794 3169 4844 nel
3202 4809 3316 4843 cum
3350 4808 3536 4842 canone
3571 4793 3775 4857 septimo
3810 4808 3920 4842 con·

990 4877 1040 4929 6.
1076 4886 1379 4929 caeterorum
1401 4876 1572 4926 Thom,
1598 4876 1732 4926 Uall.
1798 4880 1906 4927 hoo
1929 4883 2048 4929 est:
2085 4877 2168 4927 hic
2193 4877 2327 4929 Uall.
2499 4875 2675 4940 fias-us.

927 4961 1038 5010 hoo
1059 4963 1147 5007 eut
1178 4957 1605 5014 euangeliorum
1635 4971 1736 5005 non
1764 4961 1835 5005 est
1862 4955 1923 5005 in
1944 4971 2121 5020 graeco
2134 4969 2158 5016 ;
2188 4956 2331 5004 addi·
2585 4966 2662 5016 14.
2694 4952 2974 5003 matthaeus
2998 4950 3168 5001 Tkom.
3195 4949 3328 5001 Uall.
3394 4949 3596 4999 ioannes
3620 4949 3753 4998 Uall.
3814 4964 3922 5014 sep·

926 5045 1037 5084 tum
1074 5035 1135 5084 ab
1156 5035 1422 5099 interprete
1442 5032 1663 5082 addetur.
1708 5032 2022 5098 euangelium
2045 5033 2110 5094 Y,
2128 5048 2225 5097 mg.
2247 5038 2328 5097 ap.
2516 5029 2670 5081 timus
2693 5068 2706 5079 .
2728 5065 2742 5079 .
2770 5065 2784 5080 .
2808 5030 3046 5080 iohannes
3072 5028 3284 5077 uidetur
3298 5026 3531 5076 additum
3552 5042 3648 5077 esse
3670 5027 3729 5076 in
3751 5026 3813 5087 Y,
3839 5026 3929 5076 sed

937 5113 1132 5173 Dioni„
1162 5113 1298 5163 Uall.
2518 5125 2680 5159 manu
2691 5109 2887 5174 prima.

996 5201 1040 5255 7.
1074 5190 1300 5242 dixerunt
1316 5198 1506 5255 mg.ap.
1524 5190 1714 5250 Tkom„
1731 5189 1869 5240 UaH.
1902 5191 2206 5240 dunsten:
2230 5189 2327 5239 dis·
2587 5200 2664 5258 ¹.⁵·
2697 5187 2902 5236 ioannes
2934 5186 3069 5238 Uall.

925 5284 1120 5320 cernere
1152 5269 1321 5319 Thom.
1347 5268 1454 5332 (sed
1468 5284 1567 5333 mg.
1591 5267 1866 5329 disserere).
2587 5263 2662 5314 16.
2695 5264 2993 5314 seribsernnt
3013 5262 3078 5313 Y.
3144 5261 3375 5327 equidem
3398 5261 3463 5313 Y.

995 5349 1043 5398 8.
1078 5347 1361 5398 mione
1394 5347 1458 5396 Y.
1524 5349 1719 5396 decem
1771 5359 2009 5397 numero
2057 5343 2194 5410 (δέκα
2240 5342 2330 5394 τὸν
2587 5344 2663 5394 18.
2702 5342 2961 5408 adpositus
2970 5340 3033 5390 Y.
3065 5336 3537 5399 paulatim-nara
3551 5337 3703 5403 μέρος.
3737 5337 3917 5388 deinY.

928 5423 1148 5490 ἀριθμόν)
1175 5425 1223 5474 Υ
1255 5425 1459 5475 nonu:
1495 5424 1545 5473 d.
1569 5439 1884 5475 numerorum
1914 5425 2051 5475 Uall.
2587 5435 2663 5486 19.
2697 5423 2903 5471 tertio:
2944 5425 3044 5470 tres
3066 5419 3113 5468 Y
3151 5425 3201 5468 et
3239 5435 3335 5483 mg.
3365 5426 3447 5484 ap.
3479 5418 3650 5469 Thom.
3718 5420 3791 5467 ud
3819 5432 3916 5466 om.

995 5520 1044 5572 9.
1081 5510 1140 5560 >
1159 5505 1211 5553 in
1233 5519 1286 5553 se
1309 5510 1521 5574 quatuor
1540 5502 1652 5567 (sic)
1686 5503 1855 5553 nom.
2516 5501 2564 5550 Y
2585 5506 2633 5550 et
2654 5500 2800 5549 uncis
2822 5499 3038 5549 includit
3069 5498 3236 5548 lem.
