4717 6400
914 672 1034 735 186
1866 678 2320 739 CAPITULA
2376 680 2497 740 IN
2533 677 3177 742 EUANGELIUM

1401 847 1621 897 AHVY.
2416 850 2558 900 COT
2582 851 2737 900 Harl.
2766 860 2912 914 2797.
3234 850 3273 898 J
3302 848 3511 913 (breues)
3536 849 3767 899 oxpar.
3793 848 3907 899 Lat.
3938 851 4112 912 ¹0433·

2290 1132 2591 1192 Hoblatio.

2287 1226 2462 1285 Petro
2531 1226 2812 1303 praedicit
2873 1237 3116 1302 negatu-

2369 1338 2514 1378 rum.

2285 1616 2599 1676 Orationes
2629 1615 2822 1676 Ihesu.

2284 1709 2549 1770 Traditio
2585 1709 2764 1770 Iudae
2795 1710 3044 1771 Iudaeis,

901 1789 1085 1848 XLV.
1129 1790 1485 1850 Traditionis
1526 1808 1594 1850 ac
1644 1792 1929 1867 passionis
1977 1792 2101 1851 eius
2205 1807 2403 1864 ΧῙΠ.
2448 1806 2801 1876 Principes
2826 1807 3111 1865 interro-
3215 1800 3382 1860 XIII.
3427 1800 3716 1862 Iudicium
3794 1805 4123 1883 principum

980 1894 1145 1959 gesta
1171 1895 1488 1943 narrantur.
2368 1905 2531 1970 gant
2546 1901 2691 1957 ihm
2707 1905 2779 1959 et
2800 1903 3110 1960 condem·
3297 1914 3418 1973 quo
3446 1897 3844 1958 condemnant
3872 1900 3994 1958 ihm

2367 1999 2536 2053 nant
2562 2009 2776 2052 aeum.

2286 2087 2487 2147 Petrus
2517 2088 2683 2147 tertio
2713 2098 2904 2165 negat.

2287 2180 2389 2240 Ihs
2416 2181 2595 2258 pilato
2624 2181 2879 2240 traditur.

2285 2274 2501 2334 Pilatus
2557 2275 2800 2334 dimisso
2856 2274 3112 2335 barabba

2366 2369 2499 2427 nim
2538 2368 2889 2446 flagellatum
2925 2371 3110 2429 cruci·

2366 2463 2663 2539 figendum
2692 2464 2877 2522 tradit.

897 2539 1115 2601 XLVI·
1168 2539 1629 2602 Resurrectionis
1683 2542 1805 2601 eius
1858 2542 2098 2619 perinde
2283 2555 2487 2617 Passio
2514 2557 2614 2616 ihu
2642 2568 2699 2616 et
2733 2557 3024 2634 sepultura
3053 2567 3109 2618 et
3213 2556 3410 2633 passio
3461 2557 3561 2616 ihu
3609 2569 3666 2618 et
3722 2561 4016 2638 sepultura
4059 2572 4115 2622 et

977 2636 1226 2696 breuiter
1277 2637 1517 2696 ueritate
1579 2647 1898 2696 monstrata
1950 2655 2096 2714 quo·
2364 2652 2706 2712 resurrectio
2722 2653 2844 2711 eius
2861 2671 2935 2711 ex
2954 2670 3108 2712 mor·
3291 2653 3632 2712 resurrectio
3657 2654 3798 2714 eius.

977 2730 1222 2788 rundarn
1260 2728 1630 2789 incredulitas
1659 2731 1974 2790 clementer
2007 2750 2096 2791 ai·-
2364 2745 2476 2804 tuis
2543 2756 2675 2822 post
2739 2747 3108 2805 resurreetio-

976 2825 1169 2901 guitur
1201 2835 1260 2883 et
1296 2824 1561 2885 ascensio
1598 2835 1773 2903 atque
1809 2844 1846 2884 a
1884 2826 2099 2886 dextris
2367 2857 2504 2897 nem
2553 2839 2833 2899 mandata
2874 2851 2933 2899 et
2976 2840 3105 2900 has-

976 2918 1070 2977 dei
1139 2918 1439 2977 consessio
1515 2918 1609 2977 uel
1686 2920 2099 2997 discipulorum
2366 2934 2563 2993 censio
2589 2934 2752 2993 aeius
2779 2935 2838 2991 in
2866 2934 3056 2993 caelis.

975 3012 1333 3089 praedicatio
1376 3013 1557 3087 signis
1596 3015 1970 3090 sequentibus
2012 3016 2097 3073 in-

976 3105 1214 3165 dicatur.

960 3320 1147 3369 XLVI.
1180 3337 1273 3369 om.
1298 3324 1422 3398 ains
1453 3321 1624 3399 Πρω.
1680 3325 1935 3403 concessio
1957 3325 2030 3402 Η.
2200 3326 2458 3372 hoblatio
2474 3322 2608 3373 *ihu
2631 3324 2694 3373 Θ.
2761 3327 3089 3381 praedicit-⁸·
3275 3335 3474 3384 Subscr.
3503 3334 3727 3384 Alleluia
3743 3352 3890 3388 amen
3906 3340 4108 3404 explicit

961 3386 1154 3434 Subscr.
1193 3387 1397 3450 explicit
1428 3387 1648 3466 capitula
1681 3389 1755 3449 H,
1790 3391 1992 3454 explicit
2025 3406 2096 3440 se·
2199 3404 2251 3438 se
2274 3389 2321 3436 Θ
2348 3389 2519 3437 nom.
3210 3398 3372 3449 breuis
3394 3401 3662 3450 seeundum
3684 3416 3905 3453 marcum
3921 3406 3977 3465 J,
3993 3407 4111 3470 exp?

895 3450 1108 3500 cundum
1131 3467 1351 3501 marcum
1375 3453 1453 3512 Y;
1488 3453 1630 3502 mlnl
1646 3454 1788 3503 habet
1810 3458 1873 3505 A.
2267 3454 2416 3505 XIII.
2457 3469 2551 3505 om.
2586 3470 2658 3504 ex
2694 3457 2936 3504 mortuis
2973 3462 3104 3512 nost
3207 3465 3430 3529 capitula
3466 3467 3619 3516 marci
3652 3467 3732 3524 O;
3771 3484 3830 3517 ex
3868 3470 4108 3521 licuerunt

2199 3523 2670 3635 genuflectionem
2707 3521 2770 3570 Θ.
2838 3521 2901 3568 ad
2936 3521 3104 3570 caelos
3206 3531 3428 3595 capitula
3453 3531 3534 3580 iffi:
3554 3532 3662 3595 ipse
3685 3532 3774 3581 lib,
3800 3485 3868 3583 >g

2251 3623 2462 3700 'Subscn
2484 3649 2686 3716 explicit
2698 3651 2927 3702 aelencus
2942 3652 3004 3713 C,
3019 3669 3103 3702 ex·

2198 3716 2406 3779 plieiunt
2428 3715 2647 3780 capitula
2669 3717 3018 3780 parabolarum
3035 3719 3098 3779 Θ,

2197 3782 2401 3847 explicit
2438 3782 2633 3831 elencns
2664 3782 2931 3832 secundum
2972 3800 3099 3833 mar·

2198 3863 2311 3896 cuin
2335 3846 2397 3896 T.

2143 3927 2148 3980 ἔ
3148 3921 3154 3938 .

2143 4067 2148 4082 .
3147 3959 3157 4074 ἰ

2143 4091 2148 4168 ξ
3148 4083 3151 4096 ⁴
