4717 6400
876 648 991 733 ‘xiv
1079 667 1260 729 PRA
1270 670 1448 730 Em
1467 669 1637 732 TJO.
1732 670 1839 732 CA
1850 668 1929 730 P.
1975 670 2114 732 [Π.
2207 669 2491 731 come
2499 668 2642 729 UM
2679 667 2985 731 Nosne
2994 666 3110 728 OR
3122 669 3265 729 ΗΜ
3299 669 3418 729 EL
3432 667 3823 730 ENCHUS.

1052 858 1488 922 Hentenianis
1531 855 1871 942 (Lugduni
1923 881 1964 923 a
2018 858 2167 922 Gul.
2221 856 2487 922 Rouille
2535 872 2603 920 A.
2621 870 2691 919 D.
2752 856 2917 937 1569
2968 853 3327 942 impressis)
3370 855 3496 920 sub
3527 865 3687 920 nota
3718 856 3880 921 Uat.

1051 962 1242 1042 9508.
1333 961 1779 1027 Collationem
1817 963 2147 1044 impressit
2184 959 2589 1025 Blanchinus
2631 958 2971 1024 Uindiciae
3005 957 3299 1024 Canonic.
3335 959 3738 1042 Scrzpturar.
3770 980 3882 1042 pp.

1050 1063 1447 1130 xlvii-ccxvi
1483 1067 1743 1129 Romae
1780 1080 1964 1144 1740,
1997 1086 2083 1129 ex
2115 1086 2251 1148 quo
2281 1074 2558 1148 apparet
2587 1060 2677 1148 (p.
2710 1059 2904 1148 ccxv)
2938 1063 3002 1126 in
3045 1061 3313 1127 Sixtina
3352 1063 3731 1128 recensione
3767 1063 3882 1127 ad-

1050 1169 1335 1233 hibitam
1367 1190 1500 1234 non
1530 1169 1751 1240 fuisse,
1784 1169 1943 1233 dicit
1975 1169 2152 1232 enim
2185 1176 2199 1204 ‘
2221 1189 2370 1232 sero
2399 1168 2592 1231 nimis
2623 1167 2711 1230 ad
2743 1166 2938 1231 Card.
2963 1165 3249 1230 Antonii
3271 1166 3618 1249 Caraphae
3649 1188 3884 1231 manus

1050 1269 1391 1354 peruenit)
1484 1272 1706 1335 Primo
1740 1272 2000 1336 Romae
2044 1273 2215 1336 hanc
2246 1272 2694 1344 collationem,
2730 1270 3017 1353 denique
3048 1271 3343 1335 codicem
3377 1271 3591 1354 ipsum
3624 1270 3883 1336 Matriti

1053 1375 1333 1440 contulit
1361 1376 1411 1438 Ι.
1439 1374 1507 1439 S.
1538 1373 1721 1441 1882.
1806 1375 2024 1440 Huius
2048 1360 2199 1440 libri
2227 1379 2244 1410 ‘
2266 1385 2498 1440 auctor
2527 1394 2998 1458 possessorque
3016 1372 3032 1399 '
3070 1372 3450 1438 Seruandus
3472 1374 3595 1437 fuit
3626 1375 3884 1457 episco-

1054 1499 1178 1561 pus
1200 1478 1680 1562 Bastigitanae3
1709 1478 1822 1562 qui
1848 1479 2173 1544 concessit
2192 1478 2471 1542 Iohanni
2490 1476 2702 1541 sodali
2722 1498 2842 1541 suo
2865 1477 3421 1560 posteaepiscopo
3441 1475 3851 1542 Cordubensi
3868 1498 3884 1555 ;

1053 1583 1108 1645 is
1127 1582 1419 1646 codicem
1444 1581 1595 1645 Deo
1609 1581 1853 1646 obtulit
1878 1592 1944 1646 et
1967 1581 2281 1646 ecclesiae
2293 1580 2680 1664 Hispalensi
2700 1580 2958 1645 decimo
2969 1580 3103 1644 kal.
3123 1580 3259 1645 Ian.
3277 1602 3386 1644 era
3399 1593 3721 1644 MXXVI=
3738 1596 3884 1645 A.D.

1053 1682 1202 1767 988.
1267 1683 1393 1768 (Cf.
1415 1684 1592 1750 And.
1613 1685 1870 1749 Merino
1892 1686 1964 1748 E
1965 1682 2704 1766 scuelaPaleographica
2725 1684 2858 1748 tab.
2878 1706 2921 1747 v
2944 1696 3013 1750 et
3036 1705 3148 1768 pp.
3170 1700 3210 1764 5
3214 1698 3405 1768 3-59,
3423 1684 3678 1749 Matriti
3709 1704 3730 1746 1
3745 1672 3894 1766 780,

1051 1788 1115 1869 J.
1151 1788 1398 1852 Mufloz
1435 1812 1484 1872 y
1515 1789 1764 1853 Rivero
1802 1788 2232 1872 Paleografla
2281 1788 2591 1871 Vistjgoa'a
2638 1787 2716 1851 de
2746 1788 2843 1852 los
2868 1788 3068 1868 sig-los
3097 1809 3140 1851 v
3168 1786 3383 1863 cdxii,
3416 1789 3599 1853 tabb.
3629 1789 3761 1865 viii,
3794 1789 3887 1865 ix,

1059 1891 1258 1956 Matr.
1283 1892 1467 1969 1881,
1491 1892 1726 1957 Ewald
1759 1902 1828 1956 et
1859 1892 2103 1958 Loewe
2125 1892 2452 1974 Exempla
2485 1892 2867 1972 Scrzjoturae
2908 1891 2971 1957 V
2964 1893 3292 1974 zszgoticae
3318 1914 3427 1975 pp.
3452 1908 3509 1972 7,
3532 1892 3569 1954 8
3600 1893 3737 1956 tab.
3771 1889 3890 1978 ix.)

882 2012 984 2073 24.
1010 1995 1099 2060 U.
1133 1994 1532 2078 Fragmenta
1566 1995 1853 2071 Matthei
1884 1991 1950 2081 (i.
1989 1997 2157 2059 1-iii.
2184 1992 2255 2082 4)
2278 2006 2346 2060 et
2380 1995 2693 2059 Iohannis
2722 1992 2791 2080 (i.
2820 1994 3015 2080 1-21)
3050 1994 3617 2072 Ultratraiectina,
3642 1996 3727 2060 ad
3752 1997 3886 2061 cal-

1051 2118 1194 2164 cem
1229 2098 1525 2162 Psalterii
1561 2098 1962 2176 Cottoniani‚
1986 2121 2036 2163 s.
2067 2099 2206 2162 VII
2240 2099 2345 2164 uel
2364 2098 2564 2177 VIII,
2582 2120 2671 2163 ex
2702 2097 2930 2162 schola
2955 2109 3031 2163 ut
3061 2099 3323 2162 uidetur
3352 2098 3885 2174 Northumbrica,

1049 2201 1398 2266 Amiatino
1427 2202 1784 2267 simillima.
1877 2203 2170 2268 Exstant
2214 2201 2742 2286 photographice
2782 2201 3116 2283 descripta
3157 2202 3222 2264 in
3255 2201 3556 2266 Psalterii
3594 2203 3887 2266 editione

1051 2306 1413 2384 notissima,
1443 2326 1616 2388 quae
1646 2307 1889 2390 prodiit
1920 2326 2095 2370 anno
2132 2306 2316 2390 1873.
2409 2307 2489 2369 In
2521 2315 2820 2369 nostrum
2853 2325 3044 2369 usum
3078 2305 3358 2370 contulit
3391 2307 3491 2368 uir
3518 2327 3654 2371 reu.
3689 2304 3765 2371 C.
3795 2305 3884 2369 A.

1057 2408 1405 2492 Heurtley,
1445 2409 1784 2474 Professor
1815 2410 2222 2475 Oxoniensis
2255 2409 2588 2474 Dominae
2620 2407 3057 2492 Margaretae.

883 2525 987 2593 25.
1012 2512 1096 2578 V.
1145 2509 1383 2578 Codex
1417 2513 1784 2577 Bibliorum
1827 2512 2283 2578 Vallicellanus
2314 2513 2388 2576 Β.
2415 2514 2500 2589 νὶ,
2526 2534 2578 2576 S.
2607 2512 2733 2588 IX,
2757 2514 3016 2576 Romae
3044 2520 3364 2587 seruatus,
3388 2513 3500 2575 ubi
3524 2509 3618 2597 (in
3649 2512 3887 2576 biblio-

1052 2617 1247 2682 theca
1293 2616 1618 2681 ‘Vittorio
1649 2616 2019 2681 Emanuele
2043 2613 2059 2641 '
2088 2617 2302 2701 gratia
2330 2617 2658 2681 secretarii
2705 2613 2926 2700 Regii)
2967 2615 3247 2680 contulit
3280 2615 3332 2677 I.
3355 2614 3425 2679 S.
3453 2612 3633 2699 1883.
3707 2617 3890 2680 Inter

1050 2720 1488 2786 Alcuinianos
1512 2740 1682 2802 quos
1714 2721 2000 2785 uidimus
2026 2720 2246 2785 locum
2277 2721 2565 2804 primum
2598 2720 2900 2784 obtinere
2930 2720 3191 2784 uidetur
3221 2728 3290 2782 et
3318 2718 3412 2782 sic
3442 2720 3645 2784 etiam
3669 2720 3889 2784 amico

1052 2834 1282 2889 nostro
1325 2824 1622 2897 Samueli
1654 2824 1902 2906 Berger
1931 2824 2194 2908 placet3
2241 2825 2358 2888 sed
2402 2843 2616 2906 neque
2657 2823 2953 2887 codicem
2987 2822 3579 2887 Uindobonensem
3614 2844 3654 2887 a
3685 2824 3889 2888 Lam-

1054 2927 1244 2995 becio
1278 2928 1368 2996 II.
1400 2949 1464 3010 p.
1497 2946 1623 3012 403
1657 2927 2018 3007 laudatum,
2051 2948 2267 3010 neque
2300 2927 2520 2991 Biblia
2554 2927 3070 3009 Bambergensia
3101 2925 3534 3009 inspeximus.
3621 2923 3891 3011 (Confer

1052 3033 1138 3098 de
1186 3042 1415 3097 nostro
1461 3032 1689 3097 codice
1742 3031 2083 3097 Blanchini
2130 3031 2199 3094 E
2203 3052 2396 3114 uang.
2432 3028 2849 3112 Quadruplex
2895 3029 2964 3093 II
3010 3031 3147 3094 tab.
3187 3030 3297 3093 viii
3342 3039 3497 3113 post
3543 3051 3694 3115 pag.
3739 3030 3892 3093 600.

1055 3135 1357 3202 Ecclesia
1382 3135 1447 3201 S.
1476 3135 1733 3202 Mariae
1756 3135 2192 3202 Uallicellana
2222 3135 2581 3219 aliquando
2608 3133 2907 3200 Ecclesia
2939 3135 3154 3209 Noua,
3178 3134 3341 3198 alias
3375 3133 3663 3201 Oratorii
3690 3135 3791 3200 uel
3819 3131 3890 3198 S.

1059 3239 1345 3324 Philippi
1377 3242 1539 3305 Neri
1572 3241 1826 3304 dicitur.
1917 3239 2316 3304 Blanchinus
2354 3240 2497 3326 ipse
2527 3241 2833 3303 sacerdos
2863 3238 3154 3303 Oratorii
3184 3235 3355 3327 fuit.)

886 3344 983 3409 26.
1008 3342 1114 3407 W.
1164 3343 1381 3408 Biblia
1433 3365 1598 3408 mus.
1643 3344 1802 3409 Brit.
1841 3344 2006 3427 Reg.
2043 3343 2094 3406 1·.
2129 3343 2206 3407 B.
2237 3344 2333 3406 xii
2378 3364 2420 3406 a
2472 3342 2790 3407 Willelmo
2836 3343 2924 3406 de
2964 3342 3192 3421 Hales,
3228 3363 3350 3425 pro
3386 3341 3652 3407 Thoma
3703 3342 3787 3406 de
3829 3342 3893 3405 la

884 3457 891 3462 ’
1054 3445 1231 3511 Wile
1263 3448 1579 3531 magistro
1610 3448 1981 3513 scholarum
2016 3446 2272 3524 Sarum,
2301 3461 2455 3511 A.D.
2480 3455 2649 3526 1254
2678 3446 2977 3531 scriptus.
3070 3445 3442 3530 Euangelia
3473 3446 3893 3511 contulerunt

900 3627 921 3651 .
1060 3551 1151 3614 Η.
1180 3551 1242 3633 J.
1276 3550 1384 3614 W.
1417 3562 1485 3616 et
1518 3551 1598 3615 G.
1631 3551 1724 3614 M.
1754 3551 2175 3635 Youngman.

888 3670 988 3736 27.
1015 3656 1102 3719 X.
1148 3654 1384 3720 Codex
1429 3655 1948 3736 Euangeliorum
1989 3655 2137 3720 coll.
2177 3652 2477 3735 Corporis
2510 3651 2765 3721 Christi
2807 3652 3372 3736 Cantabrigiensis
3411 3674 3513 3717 no.
3550 3652 3691 3732 286,
3717 3673 3893 3719 saec.

1058 3767 1133 3822 ut
1162 3759 1426 3822 uidetur
1454 3759 1611 3836 VII,
1636 3758 1814 3835 olim,
1845 3778 1975 3822 una
2005 3778 2156 3823 cum
2191 3758 2273 3834 O,
2306 3758 2605 3824 coenobii
2640 3757 2709 3823 S.
2739 3756 3099 3841 Augustini
3132 3755 3642 3823 Cantuariensis.
3691 3756 3894 3821 Bent-

1061 3861 1186 3926 leio
1218 3871 1359 3926 erat
1391 3861 1467 3926 B.
1559 3860 1861 3927 Contulit
1892 3863 2097 3926 nostri
2139 3864 2359 3945 operis
2403 3863 2614 3948 gratia
2644 3861 2745 3925 uir
2775 3881 2903 3924 reu.
2935 3859 3023 3923 A.
3056 3859 3161 3922 W.
3195 3859 3489 3939 Streane‚
3526 3860 3693 3926 Coll.
3728 3861 3893 3925 Cor-

1059 3966 1237 4049 poris
1262 3965 1506 4030 Christi
1536 3966 1771 4031 socius.
1862 3964 2035 4031 Cum
2059 3965 2129 4029 A
2156 3966 2291 4030 fere
2315 3965 2676 4030 concordat
2702 3965 2812 4029 X0.
2900 3960 3031 4049 (Cf.
3056 3963 3437 4030 Westwood
3462 3964 3660 4029 A.-S.
3679 3964 3821 4029 and
3833 3964 3894 4027 I.

1058 4067 1288 4133 MSS.
1317 4090 1428 4153 pp.
1458 4088 1563 4153 49,
1601 4081 1702 4149 50,
1731 4069 1817 4133 P.
1853 4068 1928 4133 S.
1963 4069 2050 4133 P.
2096 4070 2233 4134 tab.
2271 4088 2372 4147 11,
2407 4087 2529 4149 1-4
2564 4078 2632 4133 et
2663 4067 2800 4132 Pal.
2834 4067 2983 4133 Soc.
3022 4068 3073 4147 Ι,
3104 4069 3287 4132 tabb.
3318 4086 3422 4152 33,
3452 4088 3556 4153 34,
3587 4065 3722 4155 44.)

889 4172 991 4238 28.
1013 4171 1099 4236 Y.
1148 4170 1384 4237 Codex
1426 4172 1947 4256 Euangeliorum
1976 4172 2242 4237 Insulae
2269 4172 2849 4256 Lindissarnensis
2877 4191 3046 4235 saec.
3078 4170 3421 4237 VII-VIII
3454 4174 3541 4237 ab
3575 4173 3897 4238 Eadsrido

1060 4272 1203 4362 (qui
1238 4276 1303 4339 in
1335 4297 1413 4339 ea
1442 4276 1601 4340 sede
1631 4278 1980 4361 episcopus
2008 4276 2134 4339 suit
2165 4277 2353 4341 annis
2385 4278 2679 4358 698-721
2718 4290 2783 4339 A.
2800 4271 2899 4363 D.)
2928 4275 3201 4359 aliisque
3231 4277 3679 4360 conscriptus;
3723 4297 3898 4343 nunc

1062 4401 1227 4444 mus.
1257 4379 1419 4445 Brit.
1457 4379 1730 4445 Cotton.
1763 4381 1947 4444 Nero
1979 4379 2066 4443 D.
2098 4380 2202 4459 iv3
2248 4390 2317 4444 et
2349 4379 2672 4458 BentleiO,
2696 4389 2770 4443 ut
2803 4380 3013 4459 nobis,
3034 4379 3119 4443 Y.
3210 4379 3526 4444 Codicem
3551 4381 3898 4445 ediderunt

1064 4482 1432 4549 Stevenson
1479 4495 1546 4549 et
1585 4482 1861 4567 Waring
1908 4482 2312 4566 1854—1865,
2353 4492 2423 4548 et
2463 4483 2586 4564 W„
2607 4482 2712 4546 W.
2746 4483 2973 4560 Skeat,
3012 4483 3312 4549 secundis
3350 4486 3524 4548 curis
3571 4483 3733 4567 1887
3776 4494 3895 4550 etc.

1068 4587 1312 4653 Denuo
1350 4587 1631 4653 contulit
1672 4587 1753 4651 G.
1787 4587 1882 4650 M.
1914 4586 2333 4671 Youngman.
2427 4586 2599 4653 Cum
2641 4586 2990 4652 Amiatino
3033 4589 3328 4651 maxime
3367 4589 3744 4662 concordat,
3776 4589 3895 4652 sed

1066 4712 1267 4756 manu
1297 4690 1590 4775 Anglica
1628 4712 1759 4756 non
1801 4691 2034 4756 Italica
2074 4691 2354 4774 scriptus
2392 4701 2511 4755 est.
2602 4688 2732 4777 (Cf.
2763 4690 3148 4756 Westwood
3179 4691 3241 4753 Α
3252 4691 3365 4755 .-S
3368 4742 3381 4756 .
3411 4693 3554 4756 and
3574 4693 3635 4756 I.
3666 4692 3760 4755 M
3758 4693 3814 4756 S
3819 4692 3896 4756 S.

1068 4816 1177 4880 pp.
1209 4813 1427 4880 33—39
1461 4795 1639 4860 tabb.
1678 4812 1775 4869 12,
1817 4813 1889 4879 13
1924 4804 1991 4859 et
2021 4795 2105 4859 P.
2141 4794 2216 4858 S.
2245 4795 2333 4858 P.
2365 4795 2504 4859 tab.
2541 4811 2645 4878 45,
2693 4794 2866 4859 Mus.
2915 4795 3072 4860 Brit.
3123 4793 3470 4878 Catalogue
3514 4806 3588 4860 ut
3635 4795 3797 4860 infra
3830 4817 3899 4880 p.

1077 4911 1174 4980 15,
1202 4900 1387 4964 tabb.
1422 4896 1539 4962 8-1
1557 4917 1611 4977 1,
1645 4898 1774 4963 Pal.
1809 4898 1961 4964 Soc.
2004 4898 2057 4976 1,
2087 4900 2272 4963 tabb.
2303 4899 2452 4982 3-6,
2488 4896 2620 4985 22.)

901 5020 1002 5088 29.
1034 5002 1106 5065 Z.
1150 5001 1387 5068 Codex
1420 5002 1931 5088 Euangeliorum
1964 5001 2392 5081 Harleianus,
2421 5022 2590 5066 saec.
2621 5002 2721 5066 VI
2747 5001 2853 5066 uel
2886 4998 3045 5078 VII,
3076 5002 3190 5085 qui
3220 5001 3344 5066 fuit
3376 5003 3538 5066 olim
3569 5002 3705 5068 bib.
3731 5003 3899 5085 Reg.

1075 5105 1452 5171 Parisiensis
1478 5106 1669 5187 4582,
1701 5125 1873 5170 nunc
1917 5115 2018 5172 est
2049 5127 2214 5170 mus.
2249 5105 2405 5170 Brit.
2442 5105 2628 5169 Harl.
2667 5116 2851 5186 1775.
2943 5104 3099 5170 Fuit
3131 5105 3448 5183 Bentleio,
3479 5115 3553 5170 ut
3584 5107 3792 5186 nobiS,
3822 5108 3897 5171 Z.

1075 5206 1392 5274 Codicem
1416 5211 1658 5293 partim
1690 5210 1971 5275 contulit
2004 5208 2385 5283 Griesbach‚
2410 5210 2514 5274 cui
2536 5209 2659 5273 fuit
2686 5209 2860 5273 harl-
2927 5204 3301 5293 (Symbolae
3327 5208 3622 5285 Criticae‚
3647 5211 3779 5276 uol.
3807 5211 3899 5287 ΙΙ,

1074 5312 1294 5376 Halae
1321 5311 1533 5400 1785.)
1621 5313 1865 5378 Denuo
1885 5314 2166 5378 contulit
2194 5313 2284 5376 H.
2305 5313 2366 5394 J.
2390 5312 2495 5375 W.
2521 5313 2767 5397 partim
2791 5313 3058 5377 adiutus
3079 5334 3120 5376 a
3153 5313 3503 5379 Frederico
3528 5313 3785 5379 Barone
3814 5317 3900 5380 de

1078 5414 1323 5501 Hiigel‚
1351 5415 1535 5494 1884.
1580 5414 1707 5503 (Cf.
1737 5417 1905 5482 Mus.
1928 5416 2090 5483 Brit.
2118 5416 2467 5500 catalogue
2485 5426 2556 5481 ut
2569 5416 2734 5482 infra
2756 5439 2821 5501 p.
2849 5435 2945 5498 14,
2963 5418 3098 5481 tab.
3119 5436 3181 5501 3,
3207 5418 3343 5482 Pal.
3366 5417 3515 5484 Soc.
3540 5418 3592 5498 I,
3610 5419 3747 5484 tab.
3775 5416 3903 5505 16.)
