4717 6400
844 671 927 734 26
1802 671 2258 734 CAPITULA
2310 672 2434 734 IN
2468 668 3115 736 EUANGELIUM

1338 842 1552 893 AUVY.

837 1120 1092 1180 XXXV.
1135 1119 1394 1181 Omnem
1433 1120 1777 1199 languorem
1813 1142 2041 1197 curanS,

919 1217 1220 1293 operarios
1261 1235 1371 1293 pro
1412 1218 1597 1277 multa
1641 1236 1832 1278 messe
1870 1219 2041 1279 disci-

918 1310 1091 1388 pulos
1132 1311 1442 1372 uirtutibus
1484 1323 1542 1372 et
1584 1313 1853 1373 doctrina
1898 1333 2039 1374 con-

919 1405 1128 1464 firmat.

835 1686 1119 1747 XXXVI.
1165 1686 1323 1746 Sicut
1345 1705 1488 1747 oues
1510 1687 1657 1748 inter
1685 1690 1853 1768 lupos
1875 1693 2036 1752 missi

916 1793 980 1841 ut
1037 1800 1163 1842 non
1208 1782 1447 1842 timeant
1505 1802 1610 1844 eos
1667 1787 1768 1864 qui
1825 1806 2036 1864 corpus

918 1875 1210 1948 occidunt,
1242 1876 1557 1937 clementer
1584 1879 1875 1940 informat.

836 1970 1152 2029 XXXVII.
1195 1970 1473 2030 Gladium
1529 1991 1593 2032 se
1650 1993 1772 2034 non
1826 1994 2035 2053 pacem

916 2066 978 2124 in
1006 2074 1218 2124 terram
1239 2066 1464 2125 mittere
1483 2067 1684 2127 dicens
1711 2087 1822 2128 nec
1853 2072 2035 2129 amari

914 2170 1142 2238 patrem
1172 2169 1270 2218 aut
1297 2171 1544 2219 matrem
1574 2180 1747 2240 super
1776 2183 1838 2224 se
1867 2183 2035 2241 prae-

915 2254 1140 2331 cipiens
1187 2264 1551 2331 receptorem
1606 2274 1847 2335 quoque
1904 2259 2039 2318 iusti

914 2347 1245 2407 mercedem
1306 2349 1440 2408 iusti
1510 2352 1780 2430 accipere
1847 2354 2038 2413 mani-

916 2440 1100 2501 festat.

834 2534 1181 2594 XXXVIII.
1226 2534 1522 2596 Iohannes
1549 2539 1706 2599 misit
1724 2538 1801 2599 ad
1826 2540 2040 2615 iesum;

914 2631 1015 2709 qui
1063 2629 1314 2690 dimissis
1358 2632 1576 2693 nuntiis
1620 2635 1804 2695 multa
1846 2637 1920 2697 de
1963 2656 2038 2697 eo

913 2724 1098 2784 turbis
1126 2726 1403 2785 enuntiat.

833 2913 1118 2973 XXXIX.
1202 2914 1479 2992 Increpat
1549 2917 1812 2979 ciuitates
1883 2938 2036 2998 quae

912 3009 1329 3085 paenitentiam
1358 3010 1533 3069 etiam
1576 3009 1746 3073 factis
1786 3015 1945 3091 apud
1975 3034 2035 3074 se

911 3103 1224 3162 uirtutibus
1251 3121 1375 3163 non
1402 3114 1663 3182 egerunt.

831 3290 959 3349 XL.
1002 3290 1315 3352 Confessio
1377 3292 1565 3353 laudis
1620 3295 1746 3355 iesu
1794 3296 2037 3357 refertur

910 3385 987 3445 ad
1013 3397 1241 3463 patrem
1271 3397 1328 3447 et
1358 3388 1627 3449 inuitatio
1657 3404 2033 3453 oneratorum

911 3489 968 3539 et
995 3479 1389 3540 laborantium
1418 3483 1493 3542 ad
1523 3483 1794 3561 quietem.

829 3667 989 3727 XLI.
1034 3668 1470 3746 Discipulorum
1538 3676 1784 3734 sabbato
1842 3676 2035 3753 spicas

910 3762 1250 3823 uellentium
1279 3766 1732 3844 reprehensores
1761 3772 2035 3848 exemplo

909 3857 1088 3917 dauid
1115 3870 1173 3918 et
1202 3861 1651 3923 circumcisione
1679 3863 1989 3941 redarguit.

825 3950 1017 4011 XLII.
1062 3954 1134 4011 In
1178 3972 1486 4035 synagoga
1525 3976 1774 4018 manum
1807 3961 2032 4019 aridam

909 4057 1081 4106 sanat
1121 4058 1178 4107 et
1222 4049 1542 4127 pharisaeis
1583 4054 1889 4114 consilium
1934 4056 2036 4114 ad-

908 4159 1112 4201 uersus
1181 4162 1318 4202 eum
1400 4144 1747 4207 facientibus
1817 4150 2036 4210 multos

909 4246 1086 4308 curat,
1132 4248 1189 4297 et
1228 4239 1538 4316 prophetia
1580 4242 1656 4300 de
1696 4242 1828 4319 ipso
1872 4262 2035 4304 com-

908 4329 1066 4406 pleta
1092 4343 1464 4392 memoratur.

827 4423 1049 4484 XLIII.
1095 4425 1358 4486 Caecum
1386 4439 1731 4507 mutumque
1762 4450 1976 4492 curans
1999 4451 2034 4491 a

909 4518 1223 4580 daemonio
1270 4522 1475 4582 liberat
1523 4533 1579 4582 et
1629 4524 1689 4582 in
1748 4526 2034 4586 belzebub

892 4690 1060 4740 XLII.
1097 4693 1413 4756 prophetiam
1445 4733 1457 4745 .
1496 4734 1508 4747 .

971 4763 992 4806 t
1025 4757 1128 4807 Tho
1548 4733 1558 4744 .
1595 4697 1896 4761 completam
1934 4715 2033 4749 me·

828 4772 970 4805 mora
1129 4774 1195 4808 m.

2574 843 2634 894 C.

3252 844 3439 895 BHG->J
3443 843 3489 892 T
3510 859 3629 895 aur.
3655 845 3812 894 Harl.
3841 855 3986 910 2797.

2213 936 2284 995 vi.
2330 936 2583 995 Surdum
2613 946 2672 995 et
2694 946 2925 996 mutum
2952 936 3056 995 de·
3165 934 3419 995 Surdum
3452 947 3510 996 et
3550 948 3780 996 mutum
3826 938 4066 998 daemo-

2395 1032 2663 1091 monium
2691 1031 2906 1090 eicitur.

3241 1032 3407 1089 nium
3435 1031 3585 1090 eicit.

2149 1128 2237 1185 X.
2279 1128 2654 1186 Duodecim
2711 1128 3053 1196 apostolos
3158 1123 3491 1185 Duodecim
3540 1127 3840 1204 apostolos
3887 1145 4065 1204 prae-

2313 1222 2656 1293 premittit
2702 1237 2863 1279 oum
2910 1236 3049 1279 om-

2309 1319 2387 1375 ni
2413 1315 2744 1375 doctrina.

2144 2538 2270 2597 XI.
2297 2539 2639 2609 Iohannes
2667 2541 2754 2598 de
2775 2555 3048 2599 carcere

2307 2635 2399 2689 ad
2451 2633 2611 2690 Ihm
2670 2639 2743 2692 et
2785 2635 2910 2693 Ins
2962 2638 3048 2694 de

2307 2728 2614 2786 Iohanne
2658 2731 2749 2785 ad
2804 2731 3048 2788 turbas

2307 2821 2637 2891 loquitur.

2245 2912 2282 2970 i.
2322 2913 2537 2989 Adque
2593 2916 2858 2993 increpat
2906 2916 3050 2976 ciui-

2387 3018 2535 3068 tates
2591 3010 2729 3086 quia
2785 3012 3048 3087 peniten-

2387 3102 2528 3165 tiam
2557 3122 2676 3163 non
2704 3115 2963 3182 egerunt.

2232 3291 2287 3348 ii.
2332 3291 2643 3352 Confessio
2712 3294 2888 3354 Ihesu
2971 3295 3047 3353 ad

2388 3396 2637 3462 patrem.

2208 3479 2284 3538 iii.
2337 3479 2415 3538 Et
2444 3481 2650 3557 iugum
2673 3481 2897 3542 domini
2918 3482 3046 3543 leue

2388 3585 2497 3634 est.

2140 3669 2305 3727 XII.
2393 3672 2735 3742 Discipuli
2820 3674 3046 3744 spicas

2385 3768 2675 3826 uellunt.

2239 3951 2273 4008 i.
2318 3950 2570 4012 Manum
2627 3952 2892 4014 haridam
2956 3974 3046 4015 sa-

2388 4057 2503 4105 nat.

2231 4422 2286 4481 ii.
2333 4422 2658 4484 Hominem
2679 4444 2715 4485 a
2733 4427 3048 4489 daemonio

2384 4526 2564 4578 caecfi
2593 4530 2650 4579 et
2672 4528 2837 4582 mutii
2867 4533 3046 4583 curat.

2206 4703 2382 4753 VIIII.
2407 4706 2473 4753 vi.
2497 4708 2704 4756 eicitur
2717 4721 2754 4758 -ι-
2770 4715 2820 4757 et
2837 4711 2888 4758 in
2906 4710 3041 4775 prin·

2139 4768 2250 4832 cipe
2315 4769 2692 4822 daemoniorum
2760 4772 2814 4822 id
2882 4776 3044 4825 facere

2137 4833 2336 4885 dicitur.

2205 4900 2270 4949 X.
2307 4905 2569 4953 doctrina
2597 4917 2634 4954 -ι-
2660 4921 2720 4954 ac
2748 4905 2872 4956 dicit
2906 4906 3042 4971 quod

2134 4981 2234 5015 non
2258 4969 2396 5018 uenit
2421 4984 2597 5033 pacem
2620 4971 2813 5022 mittere
2839 4974 2890 5021 in
2913 4980 3042 5022 terra

2135 5032 2221 5081 sed
2246 5033 2489 5095 gladium.

2199 5098 2295 5150 XI.
2319 5101 2354 5149 i.
2390 5103 2551 5159 qma:
2585 5116 2729 5166 quae.

2133 5179 2255 5214 esse.

2825 5103 2896 5166 iii.
2931 5102 3040 5153 leue

3238 1220 3407 1279 mittit
3478 1238 3615 1279 cum
3685 1223 3850 1281 omni
3919 1221 4063 1281 doc-

3236 1313 3422 1372 trina:
3472 1323 3532 1373 et
3573 1314 3707 1374 dicit
3736 1315 3897 1393 quod
3940 1334 4064 1375 non

3236 1409 3458 1468 uenerit
3534 1427 3740 1486 pacem
3828 1411 4061 1469 mittere

3236 1520 3407 1579 super
3429 1513 3640 1562 terram
3659 1504 3762 1564 sed
3780 1503 4056 1582 gladium.

3154 2528 3260 2597 XI.
3317 2529 3423 2591 Ihs
3471 2532 3877 2591 testimonium
3930 2551 4062 2609 per-

3235 2625 3398 2685 hibet
3415 2626 3659 2686 iohanni
3685 2627 3849 2702 quod
3876 2627 4064 2685 maior

3235 2720 3524 2797 propheta
3592 2721 3726 2798 ipso
3794 2738 3917 2779 non
3989 2721 4063 2780 sit

3234 2824 3412 2891 atque
3467 2816 3728 2892 increpat
3795 2815 4062 2875 ciuitates

3234 2927 3385 2986 quae
3413 2910 3651 2970 credere
3679 2910 4009 2970 noluerunt.

3154 3286 3465 3347 Confessio
3522 3288 3660 3347 Iesu
3714 3286 3791 3347 ad
3834 3298 4056 3366 patrem

3234 3392 3293 3441 et
3309 3382 3511 3459 iugum
3522 3381 3747 3442 domini
3760 3383 3891 3443 leue
3908 3402 4059 3444 esse.

3153 3664 3292 3724 XII.
3334 3663 3620 3742 Discipuli
3689 3665 3880 3742 spicas
3935 3666 4056 3725 uel-

3235 3759 3381 3818 lunt.

3153 3946 3403 4008 Manum
3458 3947 3683 4007 aridam
3739 3947 4054 4008 habentem

3234 4053 3415 4102 sanat.

3154 4420 3484 4481 Hominem
3512 4440 3548 4481 a
3582 4421 3896 4482 daemonio
3925 4441 4055 4482 cae-

3234 4534 3369 4575 cum
3397 4526 3457 4576 et
3485 4526 3715 4576 mutum
3743 4518 3964 4576 liberat.

3214 4728 3278 4776 X.
3312 4744 3405 4778 om.
3430 4731 3731 4778 duodecim
3755 4728 3917 4777 ΒΗΘ.

3213 4792 3308 4843 XI.
3342 4793 3432 4842 Ins
3463 4801 3572 4844 test.
3590 4795 3654 4843 de
3675 4793 3777 4844 ioh.
3797 4793 3919 4844 dicit
3936 4796 4054 4856 (om.

3147 4859 3284 4922 quod
3322 4860 3481 4908 maior
3520 4860 3768 4924 propheta
3806 4861 3918 4924 ipso
3950 4876 4054 4910 non

3145 4925 3231 4984 sit)
3259 4924 3444 4974 ΒΗΘ]
3469 4941 3584 4975 aur.
3654 4925 3764 4975 lene
3788 4925 3903 4976 BH.

3212 4990 3336 5041 XII.
3371 4990 3625 5041 uellebant
3647 5007 3766 5041 aur.
