4717 6400
971 669 1092 748 146
1527 662 2172 727 EUANGELIUM
2205 658 2735 724 SECUNDUM
2764 657 2899 721 MA
2917 657 3325 720 TTHEUM.
3405 650 3991 743 [xx1v.49-XXV.8.

971 860 1227 904 moram
1256 838 1412 902 facit
1442 837 1754 902 dominus
1785 856 1973 900 meus
2003 835 2227 899 uenire
2540 830 2567 869 ⁸
2586 832 2700 896 sed
2730 831 3024 914 quinque
3066 830 3285 896 fatuae
3328 828 3620 912 acceptis
3665 827 3988 910 lampadi-

897 930 952 971 ω
971 955 1039 1009 et
1069 943 1360 1026 coeperit
1390 951 1732 1025 percutere
1762 959 2111 1004 conseruos
2142 958 2297 1002 suos
2672 937 2798 1000 bus

973 1048 1329 1112 manducet
1358 1055 1583 1110 autem
1616 1054 1684 1109 et
1714 1044 1900 1108 bibat
1934 1063 2084 1107 cum
2116 1041 2312 1106 ebriis
2401 1121 2404 1122 7
2587 1061 2717 1105 non
2750 1049 3121 1104 sumserunt
3152 1038 3373 1102 oleum
3403 1056 3628 1101 secum

898 1148 951 1187 ⁸¹
973 1152 1191 1216 ueniet
1220 1150 1529 1214 dominus
1559 1148 1731 1211 serui
1767 1145 1941 1210 illius
2539 1143 2945 1229 ⁴prudentes
2991 1164 3148 1208 uero
3196 1152 3589 1226 acceperunt
3644 1142 3866 1206 oleum
3925 1141 3992 1204 in

1104 1255 1171 1318 in
1204 1254 1315 1317 die
1346 1273 1480 1335 qua
1513 1272 1645 1316 non
1674 1261 1896 1333 sperat
1937 1260 2004 1315 et
2039 1248 2203 1314 hora
2242 1270 2375 1332 qua
2676 1250 2850 1312 uasis
2878 1248 3014 1312 suis
3044 1268 3193 1312 curn
3225 1246 3644 1329 lampadibus

1107 1359 1366 1440 ignorat
2545 1361 2572 1400 ⁶
2590 1373 2847 1418 moram
2879 1363 3104 1416 autem
3134 1351 3409 1415 faciente
3439 1370 3686 1434 sponso

902 1456 955 1495 ⁵²
975 1473 1043 1527 et
1074 1462 1331 1526 diuidet
1363 1480 1517 1524 eum
2592 1458 3120 1522 dormitauerunt
3150 1474 3383 1519 omnes
3412 1465 3481 1520 et
3510 1453 3917 1520 dormierunt

975 1576 1367 1650 partemque
1395 1564 1538 1627 eius
1568 1572 1768 1646 ponet
1799 1581 1951 1626 cum
1983 1559 2350 1644 hypocritis
2549 1563 2575 1601 ⁶
2596 1561 2815 1625 media
2842 1570 3068 1624 autern
3098 1569 3292 1623 nocte
3322 1558 3571 1623 clamor
3601 1557 3814 1622 factus
3844 1567 3946 1621 εει

976 1668 1109 1732 illic
1140 1669 1263 1733 erit
1294 1666 1488 1732 fletus
1518 1675 1585 1731 et
1614 1666 1860 1730 stridor
1887 1666 2202 1730 dentium.
2593 1684 2746 1729 ecce
2776 1683 3059 1747 sponsus
3091 1663 3273 1726 uenit

896 1772 1117 1837 XXV.
1146 1769 1267 1821 (²⁶⁸·
1295 1769 1368 1817 ¹⁰)
1421 1770 1612 1835 Tunc
1663 1770 1880 1834 simile
1927 1770 2048 1834 erit
2104 1789 2380 1853 regnum
2595 1770 2777 1834 exite
2807 1768 3079 1832 obuiam
3109 1766 3168 1830 ei

1067 1874 1400 1942 caelorum
1431 1875 1661 1939 decem
1694 1875 2056 1957 uirginibus
2550 1860 2574 1900 ⁷
2594 1885 2752 1938 tunc
2783 1880 3206 1936 surrexerunt
3238 1890 3469 1934 omnes
3507 1869 3791 1953 uirgines
3824 1867 3975 1933 illac

980 2003 1152 2066 quae
1182 1981 1578 2062 accipientes
1606 1977 1948 2061 lampades
1979 1999 2131 2043 suas
2596 1986 2664 2041 et
2695 1984 3096 2041 ornauerunt
3126 1973 3471 2057 lampades
3500 1994 3652 2037 suas

980 2086 1285 2151 exierunt
1320 2084 1591 2147 obuiam
1622 2102 1865 2164 sponso
1897 2093 1965 2147 et
1994 2102 2276 2164 sponsae
2554 2079 2818 2148 ⁸fatuae
2847 2089 3071 2144 autem
3103 2078 3506 2161 sapientibus
3538 2078 3853 2141 dixerunt

940 2190 1276 2273 aquinque
1307 2196 1531 2251 autem
1562 2206 1650 2249 ex
1681 2187 1773 2251 eis
1803 2196 1987 2250 erant
2018 2185 2238 2250 fatuae
2597 2188 2755 2252 date
2787 2186 2977 2249 nobis
3007 2186 3092 2249 de
3127 2181 3274 2247 oleo
3306 2192 3530 2247 uestro

983 2304 1051 2359 et
1079 2294 1369 2377 quinque
1399 2292 1758 2375 prudentes
2596 2292 2754 2375 quia
2781 2290 3126 2373 lampades
3155 2297 3418 2351 nostrae
3448 2286 3885 2369 extinguntur

987 2515 1189 2557 seruus
1219 2496 1311 2555 ille
1342 2497 1401 2554 in
1432 2495 1613 2555 corde
1642 2512 1770 2553 su0.
1825 2511 2057 2554 moram
2085 2493 2223 2554 facit
2251 2495 2525 2555 dominus
2553 2514 2721 2555 meus
2748 2496 2966 2555 uenire.
3024 2494 3144 2553 ⁶⁰et
3171 2494 3410 2571 incipiet
3437 2502 3738 2571 percutere
3766 2509 4002 2551 conser-

986 2609 1097 2650 uos
1127 2608 1284 2649 suos.
1340 2589 1655 2666 mandycet
1694 2598 1886 2648 autem
1930 2599 1988 2648 et
2021 2589 2181 2648 bibat
2219 2607 2356 2648 cum
2391 2591 2651 2651 ebriosis.
2708 2589 2750 2623 ⁶¹
2770 2590 2967 2649 ueniet
3007 2588 3283 2648 dominus
3311 2590 3461 2647 serui
3492 2589 3644 2646 illius
3672 2589 3732 2646 in
3761 2587 3854 2646 die
3884 2605 4002 2664 qua

986 2704 1112 2744 non
1153 2695 1362 2762 sperat.
1418 2694 1476 2743 et
1515 2683 1663 2743 hora
1703 2701 1820 2761 qua
1861 2684 2092 2760 ignorat
2133 2681 2179 2716 ⁶²
2194 2694 2253 2743 et
2296 2684 2519 2743 diuidet
2556 2703 2695 2744 eum
2733 2694 3047 2762 partesque
3086 2684 3226 2743 eiuS.
3283 2693 3466 2760 ponet
3499 2701 3637 2741 cum
3664 2680 4002 2759 hypocritis.

987 2780 1101 2839 illic
1141 2780 1249 2838 erit
1290 2778 1459 2838 fletus
1501 2789 1559 2837 et
1602 2778 1814 2837 stridor
1854 2778 2133 2836 dentium.
2301 2778 2494 2837 XXV.
2539 2779 2558 2811 ¹
2577 2779 2634 2838 T
2636 2798 2751 2840 unc
2796 2778 2978 2838 simile
3017 2778 3123 2838 erit
3164 2796 3410 2854 regnum
3452 2777 3750 2837 caelorum
3794 2775 4003 2834 decem

988 2873 1306 2950 uirginibus
1347 2890 1500 2950 quae
1542 2872 1896 2949 accipientes
1937 2871 2240 2949 lampadas
2283 2890 2420 2932 suas
2464 2874 2725 2933 exierunt
2770 2873 3010 2932 obuiam
3045 2890 3284 2949 sponso.
3356 2881 3413 2931 et
3451 2889 3720 2948 sponsae.
3788 2867 3813 2901 ³
3832 2871 4003 2948 quin—

989 2987 1105 3046 que
1162 2976 1359 3027 autem
1414 2985 1487 3026 ex
1547 2966 1632 3026 eis
1687 2975 1852 3025 erant
1895 2966 2230 3043 prudentes.
2297 2976 2355 3025 et
2399 2968 2658 3045 quinque
2704 2967 2914 3026 fatuae.
2978 2967 3000 2999 ⁸
3022 2967 3126 3026 sed
3169 2966 3428 3043 quinque
3474 2966 3685 3025 fatuae.
3747 2966 4005 3042 acceptis

990 3061 1362 3139 lampadibus
1419 3061 1557 3120 suis.
1615 3079 1736 3120 non
1782 3071 2114 3120 sumserunt
2155 3059 2349 3120 oleum
2394 3079 2610 3120 secum.
2682 3061 2705 3093 ⁴
2727 3061 3040 3138 prudentes
3096 3077 3239 3119 uero
3289 3069 3641 3136 acceperunt
3689 3059 3885 3119 oleum
3942 3060 4005 3118 in

992 3157 1149 3218 uasis
1205 3156 1324 3215 suis
1380 3172 1519 3215 cum
1576 3154 1962 3231 lampadibus.
2041 3153 2309 3213 “moram
2361 3164 2557 3214 autem
2606 3154 2913 3215 facientem
2964 3172 3202 3232 sponsa
3275 3154 3733 3214 dormitauerunt
3777 3171 4006 3214 omnes.

993 3262 1054 3312 et
1109 3250 1482 3310 dormierunt.
1580 3248 1819 3309 ‘media
1872 3257 2065 3308 autem
2125 3259 2297 3309 nocte
2353 3250 2575 3309 clamor
2631 3249 2818 3310 factus
2887 3260 2992 3308 est.
3064 3269 3203 3309 ecce
3252 3267 3509 3326 sponsus
3563 3249 3740 3308 uenit.
3852 3249 4008 3308 exite

994 3345 1233 3406 obuiam
1287 3343 1360 3402 ei.
1417 3343 1440 3375 ⁷
1457 3353 1615 3401 tunc.
1695 3354 2068 3403 surrexerunt
2130 3360 2341 3403 omnes
2409 3344 2666 3421 uirgines
2731 3345 2876 3403 illae.
2952 3354 3010 3403 et
3065 3353 3424 3403 ornauerunt
3476 3343 3782 3421 lampadas
3854 3361 4007 3402 suaS.

995 3438 1018 3473 ⁸
1034 3439 1228 3498 fatuae
1270 3446 1484 3496 autem.
1541 3435 1901 3514 sapientibus
1944 3436 2228 3495 dixerunt.
2285 3437 2419 3497 date
2462 3438 2632 3497 nobis
2674 3437 2751 3499 de
2791 3439 2926 3498 oleo
2959 3448 3172 3498 uestro.
3230 3439 3370 3514 quia
3406 3437 3716 3515 lampadae
3751 3447 4002 3498 nostrae.

996 3534 1393 3609 extinguntur.
1463 3531 1485 3562 ⁹
1503 3530 1932 3607 responderunt
1972 3531 2290 3608 prudentes
2325 3532 2605 3592 dicentes.
2677 3551 2753 3592 ne
2797 3532 2941 3593 forte
2982 3551 3104 3591 non
3147 3532 3388 3592 sufficiat
3426 3533 3599 3591 nobis
3639 3542 3696 3591 et
3731 3532 3903 3591 uobis
3933 3533 4009 3590 ite

1067 3743 1147 3793 50.
1183 3729 1372 3794 ceperit
1390 3728 1531 3789 LW;
1565 3731 1735 3795 coepit
1755 3731 1819 3779 R.
1877 3730 2146 3795 percuterit
2169 3731 2232 3779 R.
2288 3747 2405 3781 con-

1001 3823 1170 3858 set-uus
1195 3808 1265 3868 H,
1291 3808 1558 3857 conserbos
1580 3806 1671 3858 0⁴².
1729 3809 1997 3858 manducat
2013 3808 2136 3858 ZPR.
2189 3808 2320 3859 bibit
2338 3810 2405 3869 R,

1002 3886 1144 3936 bibet
1177 3885 1237 3937 L.
1303 3887 1463 3936 ebreis
1485 3887 1546 3947 L,
1568 3887 1701 3937 ebria
1722 3886 1854 3948 ἔθη,
1877 3887 2063 3936 hebriis
2085 3885 2127 3936 C
2148 3903 2161 3947 ;
2198 3888 2407 3937 ebriosis

1002 3962 1509 4013 wmoevaffl
1529 3980 1608 4029 vg.

1072 4056 1152 4106 51.
1186 4046 1382 4092 ueniet
1398 4056 1433 4093 -1-
1449 4050 1615 4092 autem
1638 4043 1701 4092 R.
1769 4042 1884 4093 diae
1906 4044 1964 4094 C.
2048 4058 2199 4108 quam
2223 4043 2298 4093 bis
2320 4043 2405 4094 T0.

1005 4137 1101 4172 om.
1123 4127 1184 4171 et
1206 4124 1262 4171 h.
1287 4136 1400 4179 qua
1419 4124 1495 4180 13.
1519 4122 1576 4172 J.

1074 4212 1153 4262 52.
1189 4199 1427 4249 diuidiuit
1469 4199 1531 4249 R.
1616 4215 1710 4249 om.
1754 4215 1887 4249 eum
1931 4200 2045 4250 DR.
2141 4206 2196 4256 >
2214 4207 2408 4265 partem

1006 4277 1213 4342 eiusque
1249 4278 1314 4327 R.
1382 4283 1539 4341 ponat
1576 4276 1638 4326 T.
1709 4277 2015 4342 hypochritis
2053 4278 2167 4338 CD,
2214 4277 2408 4343 hyppo-

1005 4355 1181 4406 clu-itis
1226 4354 1288 4412 E.
1343 4355 1583 4420 ypocritis
1627 4354 1853 4416 TVYzo‚
1909 4354 2241 4421 hippochrltis
2297 4355 2411 4416 LR,

1006 4433 1303 4498 hippocritis
1325 4433 1399 4493 ΞΡ,
1423 4432 1679 4498 hipocritis
1700 4433 1782 4481 W.
1852 4437 2004 4484 mie:
2039 4433 2109 4483 ibi
2133 4433 2214 4483 W.

1076 4511 1243 4561 XXV.
1272 4525 1315 4561 1.
1351 4515 1462 4560 erit
1494 4511 1625 4561 codd.
1657 4517 1706 4560 et
1734 4526 1812 4575 vg.
1844 4519 1892 4561 e!
1916 4527 2042 4560 corr.
2066 4508 2232 4560 καθ’.
2267 4520 2340 4561 est
2367 4511 2412 4559 T

1007 4607 1134 4640 corr.
1156 4596 1264 4638 καί.
1289 4605 1387 4653 mg.
1455 4589 1675 4639 celorum
1701 4590 1780 4638 W.
1849 4589 2012 4639 decim
2043 4589 2136 4649 3‘3
2168 4601 2238 4637 ·x·
2271 4589 2415 4638 DEL

1012 4668 1145 4718 RW.
1200 4682 1297 4731 que
1310 4667 1377 4715 D.
1434 4669 1851 4724 lampade-cum
1868 4666 2415 4717 ACDQPHQJKLM*

1012 4745 1463 4809 QRvax0Yz⁸
1484 4761 1584 4809 vg„
1614 4752 1661 4795 et
1686 4744 1892 4810 lapades
1924 4746 1997 4796 E:
2033 4745 2295 4810 lampadas
2329 4745 2413 4793 BF

1016 4822 1315 4874 H*ox*Z*.
1381 4826 1648 4873 exierunt
1682 4837 1718 4873 4-
1757 4824 1806 4872 in
1853 4825 1898 4873 E
1914 4840 1928 4884 ;
1978 4837 2015 4875 -ι-
2051 4824 2156 4873 ad?
2199 4822 2278 4874 A*
2313 4823 2423 4887 (sed

1012 4906 1272 4963 erasum);
1315 4913 1362 4959 4-
1383 4910 1550 4952 autem
1573 4903 1636 4966 Q.
1704 4902 1941 4953 hobuiam
1965 4902 2029 4963 C,
2057 4903 2227 4953 obiam
2256 4902 2413 4967 LQR.

1014 4996 1198 5046 sponse
1220 4981 1304 5030 W.

1085 5073 1131 5110 2.
1165 5062 1446 5118 qmnque:
1483 5070 1552 5107 ον·
1579 5059 1756 5109 ERW.
1821 5074 1915 5108 om.
1938 5065 2129 5108 autom
2152 5060 2215 5123 Q.
2282 5059 2419 5109 fatue

1016 5137 1204 5187 CHW.
1271 5153 1367 5187 om.
1393 5142 1450 5186 et
1471 5152 1523 5195 q.
1541 5140 1849 5194 prudente·
1874 5147 1947 5197 (u.
1966 5141 2020 5199 3)
2039 5140 2139 5186 aed
2156 5152 2209 5195 q.
2226 5139 2418 5186 fatuae

1006 5222 1107 5281 per
1125 5214 1526 5264 homoeoteleuton
1553 5214 1611 5266 F.
1678 5218 1929 5273 quinque
1961 5231 2082 5266 scc.:
2121 5227 2190 5263 ·v·
2226 5214 2418 5273 ERW;

1016 5293 1250 5358 sequitur
1270 5309 1371 5343 ras.
1403 5307 1428 5341 2
1454 5294 1550 5343 litt.
1577 5294 1640 5342 A.

1087 5385 1134 5434 3.
1167 5374 1450 5430 quinque:
1486 5383 1555 5419 ·v·
1591 5371 1822 5420 DERW.
1888 5371 2024 5421 fatue
2058 5370 2140 5419 W.
2208 5373 2417 5429 lampa-

1018 5452 1188 5499 dibus
1216 5463 1252 5499 4-
1281 5450 1383 5499 suis
1415 5448 1686 5497 DEzP-uR.
1761 5446 1940 5506 >hon
1972 5465 2014 5498 ο.
2049 5448 2215 5498 oleum
2251 5464 2417 5498 secum

2610 3747 2712 3782 acc.
2758 3731 3073 3797 lampadibus
3119 3733 3182 3796 Q.
3261 3738 3587 3782 sumserunt
3630 3731 4009 3781 AFHTXYZ:

2611 3817 2924 3874 sumpserunt
2959 3810 3284 3860 BCDEffoJ
3294 3810 3722 3874 KLM'OQRVW
3746 3825 3824 3873 vg.
3849 3809 4010 3859 Tisch.

2610 3887 2815 3937 holeum
2840 3888 2901 3938 C.

2675 3981 2720 4029 4.
2758 3980 2897 4016 uero
2924 3984 2936 4016 ε
3005 3973 3174 4017 autem
3242 3967 3305 4017 R.
3393 3966 3680 4032 acciperunt
3746 3965 4012 4017 DE'JPLR.

2609 4042 2813 4093 holeum
2859 4044 2919 4094 C.
2985 4046 3143 4095 nassis
3190 4044 3504 4095 DEH’LRY.
3571 4048 3932 4102 lampadibus
3962 4058 3999 4095 -ι-

2609 4122 2712 4171 suis
2736 4122 2968 4186 Dff-vQ.

2678 4212 2724 4262 5.
2761 4216 2905 4251 mora
2938 4201 3117 4251 HM'Z.
3185 4201 3448 4250 facientem
3486 4202 3552 4250 X.
3620 4201 4015 4251 dormitaberunt

2614 4277 2678 4327 T.
2744 4294 2840 4328 om.
2863 4286 2922 4330 ot
2942 4283 3297 4329 dormierunt
3322 4279 3402 4328 E0.
3467 4278 3810 4328 dormiuerunt
3832 4280 3896 4343 Q.

2679 4354 2726 4405 6.
2760 4359 2946 4407 faetus
2970 4358 3122 4420 (satus
3139 4358 3209 4421 Q)
3225 4362 3315 4406 est
3331 4364 3431 4407 ÷et
3454 4357 3569 4406 DR.
3636 4359 3771 4407 uenit
3796 4358 3932 4408 uenit
3955 4359 4014 4407 J.

2614 4434 2784 4484 obiam
2806 4435 2914 4485 LR.
2981 4439 3065 4485 ei:
3101 4435 3176 4484 illi
3202 4436 3261 4484 E.

2684 4522 2729 4577 7.
2765 4513 2968 4578 uirginis
3012 4514 3126 4562 DR.
3204 4513 3289 4563 ille
3337 4512 3506 4562 ELW.
3578 4512 3907 4564 hornauerunt
3952 4513 4013 4564 C.

2616 4590 2880 4657 lampadas
2904 4593 3005 4641 BF.

2685 4671 2733 4720 8.
2769 4670 2900 4719 fatue
2924 4669 3051 4719 LW.
3107 4676 3222 4734 post
3249 4675 3437 4718 autom
3467 4685 3565 4719 ras.
3591 4668 3624 4718 6
3648 4676 3743 4718 aut
3767 4680 3794 4733 7
3820 4670 3916 4719 litt.
3943 4670 4015 4717 ΞΡ.

2618 4751 3005 4806 uenientibus:
3042 4747 3365 4813 prudentibus
3399 4747 3479 4797 D*
3502 4748 3612 4809 (sed
3637 4751 3788 4807 corr.)
3810 4764 3824 4805 ;
3850 4748 4022 4811 graeci

2619 4826 2801 4875 habent
2827 4834 3016 4890 semper
3033 4823 3256 4888 φρόνιμοι
3290 4833 3374 4876 etc.
3399 4827 3488 4875 sed
3515 4833 3700 4875 ueteres
3719 4826 4021 4890 plerumque

2619 4920 2733 4953 cum
2778 4904 2990 4967 uulgata
3025 4904 3319 4954 concordant
3354 4919 3467 4952 cum
3507 4904 3721 4953 habeant
3758 4902 4022 4967 prudentes

2621 4982 2751 5030 alibi
2786 4988 2834 5031 et
2869 4982 3175 5046 sapientibus
3211 4982 3295 5030 hic
3330 4998 3394 5032 sc.
3429 4983 3459 5029 b
3479 4998 3504 5030 c
3509 4980 3561 5045 s
3563 4997 3616 5043 g,
3642 4982 3676 5029 h
3699 4997 3748 5046 q,
3783 4982 3873 5031 sed
3908 4998 4022 5047 pru-

2621 5059 2850 5109 dentibus
2856 5059 2956 5125 ,θῇ
2988 5067 3161 5109 contra
3173 5060 3213 5107 d
3228 5067 3276 5109 et
3291 5076 3338 5118 r²
3352 5059 3534 5109 habent
3554 5059 3736 5124 ubique
3756 5059 4022 5122 sapienta,

2622 5137 2941 5202 sapientibus
3009 5138 3090 5187 De
3133 5143 3274 5187 textu
3316 5137 3566 5200 Asn'cano
3614 5137 3713 5184 uix
3757 5144 4023 5200 possumus

2622 5215 2850 5264 iudicare
2903 5232 3016 5263 cum
3065 5215 3261 5281 deficiat
3306 5231 3348 5271 e.
3399 5230 3484 5263 nec
3544 5214 3833 5278 Cyprianus
3886 5223 4021 5279 opem

2612 5299 2861 5357 praestet:
2898 5295 2981 5343 sed
3010 5294 3147 5343 credo
3178 5294 3308 5342 duas
3321 5292 3491 5356 ficis-se
3525 5293 3609 5341 hoc
3641 5294 3739 5342 loco
3773 5294 4024 5342 ueri-iones

2620 5387 2841 5436 quarum
2881 5387 2989 5420 una
3021 5371 3254 5420 habuerit
3285 5370 3531 5434 sapientes
3563 5377 3610 5419 et
3641 5370 3824 5420 stultae
3858 5371 3942 5432 (d)
3977 5378 4026 5420 et

2621 5449 2784 5497 altera
2823 5448 3087 5513 prudentes
3124 5456 3171 5498 et
3208 5449 3386 5498 saluae.
3451 5448 3696 5498 dixierunt
3729 5447 3787 5498 L.
3856 5452 4021 5499 date:
