4717 6400
967 679 1084 760 178

1447 849 1669 900 AHVY.

957 1129 1161 1189 XIIII.
1224 1128 1467 1189 Uadens
1531 1141 1822 1189 mortuam
1886 1131 2160 1190 suscitare

1038 1224 1211 1283 filiam
1261 1223 1382 1282 iairi
1437 1223 1740 1284 mulierem
1788 1242 1824 1282 a
1871 1223 2161 1301 profluuio

1035 1318 1331 1395 sanguinis
1372 1335 1588 1377 sanans
1624 1318 1862 1378 suscitat
1898 1319 2160 1396 protinus

1034 1423 1093 1471 et
1118 1411 1390 1489 puellam.

954 1600 1085 1659 XV.
1130 1599 1412 1660 Mirantes
1460 1599 1780 1660 doctrinam
1820 1611 1878 1660 et
1920 1601 2162 1660 uirtutes

1037 1694 1181 1753 fabri
1211 1695 1392 1753 filium
1419 1694 1618 1755 dicunt
1645 1696 1947 1755 audientes
1980 1697 2056 1755 ab
2085 1713 2158 1754 eo

1037 1807 1160 1849 non
1201 1807 1331 1849 esse
1380 1788 1724 1867 prophetam
1767 1790 1892 1849 sine
1936 1789 2157 1849 honore

1034 1884 1147 1943 nisi
1178 1885 1239 1941 in
1267 1884 1453 1960 patria
1480 1902 1602 1943 sua.

955 1978 1122 2037 XVI.
1168 1978 1410 2037 Mittens
1479 1976 1791 2037 duodecim
1861 1977 2159 2055 praedica·

1037 2082 1197 2131 turos
1250 2071 1573 2149 praeceptis
1637 2071 1863 2129 instruit
1928 2070 2159 2132 conlata

1036 2167 1217 2243 gratia
1245 2166 1574 2225 sanitatum.

956 2259 1153 2319 XVII.
1194 2259 1468 2319 Herodes
1489 2270 1694 2319 tenens
1720 2258 2035 2318 iohannem
2066 2260 2158 2318 die

1036 2353 1125 2412 sui
1174 2352 1380 2412 natalis
1434 2352 1647 2412 occidit
1695 2365 1982 2430 caputque
2036 2353 2161 2413 eius

1039 2447 1355 2506 saltationis
1382 2446 1708 2523 praemium
1736 2447 1797 2504 in
1819 2445 1983 2505 disco
2011 2446 2160 2505 filiae

1038 2539 1225 2598 tradit.

956 2822 1187 2881 XVIII.
1229 2822 1321 2881 De
1359 2822 1615 2900 quinque
1652 2823 1901 2899 panibus
1928 2833 1987 2882 et
2015 2823 2161 2884 duo-

1037 2918 1146 2976 bus
1166 2917 1424 2993 piscibus
1445 2918 1699 2994 quinque
1719 2917 1973 2976 uirorum
2000 2917 2161 2977 milia

1039 3011 1331 3069 saturauit.

958 3103 1122 3163 XIX.
1167 3103 1392 3176 Quarta
1424 3105 1613 3164 noctis
1654 3104 1848 3181 uigilia
1888 3106 2046 3164 uenit
2085 3105 2160 3165 ad

1039 3198 1351 3274 discipulos
1378 3198 1688 3258 ambulans
1715 3217 1888 3276 supra
1916 3219 2095 3260 mare.

957 3292 1090 3351 XX.
1141 3294 1443 3353 Accusant
1504 3292 1787 3370 pharisaei
1848 3295 2160 3372 discipulos

1040 3406 1160 3446 non
1189 3387 1321 3446 lotis
1355 3388 1627 3446 manibus
1662 3389 2077 3449 manducantes
2104 3401 2162 3449 et

1039 3483 1411 3558 increpantur
1464 3482 1542 3539 ab
1596 3499 1670 3541 eo
1725 3482 1797 3542 de
1856 3496 2160 3561 parentum

1041 3576 1394 3652 inspretione
1448 3576 1541 3635 uel
1596 3576 1668 3636 de
1717 3579 1924 3638 ceteris
1976 3597 2161 3657 expo·

1041 3679 1216 3730 nente
1264 3688 1414 3748 quae
1457 3671 1682 3747 possint
1728 3671 2025 3732 hominem
2075 3675 2162 3732 in-

1039 3766 1297 3842 quinare.

1925 681 2030 744 CA
2042 681 2152 741 ΡΙ
2153 679 2384 741 TULA
2437 681 2555 742 IN
2592 679 3238 744 EUANGELJUM

2466 850 2608 901 ΟΘΤ
2633 851 2788 902 Harl.
2817 860 2960 915 2797.

2345 942 2425 1002 Et
2474 942 2548 1002 de
2596 942 2887 1003 daemone
2929 942 3022 1002 cui
3065 960 3169 1001 no-

2427 1054 2567 1096 men
2594 1036 2747 1112 legio
2775 1036 2898 1095 fuit.

3309 849 3348 898 J
3370 848 3584 914 (breues)
3609 849 3656 899 Ο
3682 850 3803 898 Par.
3830 850 3946 900 Lat.
3976 853 4151 915 10438.

2262 1135 2344 1189 V.
2385 1133 2906 1203 Archisinagogi
2957 1134 3171 1190 filiam
3275 1129 3349 1186 V.
3419 1130 3884 1209 Archisynagogi
4008 1130 4183 1189 filiam

2427 1229 2593 1283 dum
2614 1227 2750 1284 iret
2764 1227 3170 1285 resuscitare

2427 1318 2731 1378 mulierem
2789 1337 2825 1377 a
2878 1318 3169 1395 profluuio

2427 1413 2726 1489 sanguinis
2753 1413 2970 1472 liberat.

2344 1506 2606 1566 Puellam
2635 1508 2889 1567 suscitat.

2344 1600 2697 1678 Prophetam
2735 1601 2796 1659 in
2833 1602 3019 1677 patria
3063 1619 3169 1661 sua

2425 1696 2551 1755 sine
2578 1695 2803 1755 honore
2830 1713 3011 1755 aesse.

2343 1976 2673 2037 Duodecim
2702 1977 2998 2055 discipulis
3035 1994 3170 2054 pre-

2424 2082 2595 2148 cepta
2632 2071 2731 2131 dat
2767 2084 2861 2132 aet
2894 2071 3170 2151 premittit

2424 2184 2580 2225 aeos.

2342 2259 2437 2320 De
2465 2260 2655 2336 capite
2684 2259 2981 2320 Iohannis.

2261 2641 2379 2696 VI.
2409 2639 2723 2709 Regressi
2742 2640 3062 2708 discipuli
3079 2641 3168 2696 ad

2423 2735 2595 2791 Ihm.

2344 2824 2436 2884 De
2477 2826 2736 2903 quinque
2778 2825 3027 2901 panibus
3076 2836 3169 2885 aet

2426 2919 2657 2979 duobus
2683 2921 2955 2996 piscibus.

2343 3107 2445 3166 Ihs
2462 3107 2808 3167 hambulans
2825 3126 2999 3186 super
3009 3127 3166 3169 mare

2424 3203 2585 3262 uenit
2610 3202 2686 3261 ad
2714 3202 3042 3281 discipulos,

2341 3293 2435 3357 De
2491 3297 2734 3356 diuersis
2789 3297 3166 3375 languoribus

2425 3391 2641 3451 sanatis
2668 3401 2725 3450 et
2752 3394 3037 3450 manibus

2342 3484 2420 3544 Et
2441 3485 2601 3562 quod
2630 3502 2755 3545 non
2775 3504 2925 3563 quae
2953 3486 3168 3545 intrant

2426 3579 2487 3637 in
2525 3577 2823 3639 hominem
2861 3580 3167 3657 quoinqui-

2428 3682 2571 3731 nant
2603 3672 2916 3733 hominem.

962 3858 1128 3917 XXI.
1169 3857 1430 3917 Mulieris
1456 3859 1899 3936 syrophenissae
1920 3861 2100 3921 filiam
2129 3881 2165 3921 a
2264 3866 2424 3921 VII.
2472 3866 2572 3922 De
2639 3864 2782 3921 filia
2850 3867 3168 3935 syrophe-

1043 3953 1356 4013 daemonio
1381 3953 1599 4013 liberat.

963 4238 1162 4298 XXII.
1206 4237 1379 4298 Muto
1420 4239 1710 4318 surdoque
1750 4259 1962 4301 uocem
2004 4244 2166 4302 resti-

1044 4345 1212 4393 tuens
1241 4335 1376 4392 dicit
1410 4335 1596 4393 effeta.

1035 4483 1144 4532 XV.
1179 4498 1274 4532 om.
1301 4481 1524 4542 H*,÷in
1547 4500 1642 4548 mg.
1671 4483 1759 4534 H¹.

1033 4549 1203 4597 XVII.
1240 4549 1401 4598 tradet
1425 4550 1494 4599 H.

1034 4615 1178 4664 XIX.
1214 4614 1411 4664 ueniens
1437 4616 1504 4664 H.
1571 4632 1626 4665 su
1694 4632 1717 4664 r
1749 4617 1918 4666 Thom.

1034 4681 1149 4729 XX.
1186 4681 1436 4745 spretione
1475 4682 1524 4728 H
1578 4683 1628 4729 Τ
1654 4698 1749 4733 om.
1817 4698 1988 4741 quae:
2020 4683 2168 4733 ÷sint

966 4762 1096 4810 quae
1121 4746 1191 4795 H.
1263 4753 1463 4810 possent
1488 4746 1568 4797 A2.

1035 4812 1175 4860 XXI.
1213 4811 1405 4860 mulieri
1431 4812 1502 4861 H.

2427 3973 2651 4016 mssae
2736 3973 2778 4016 a
2859 3961 3170 4018 demonio

2426 4054 2775 4111 saluatam.

2352 4237 2516 4297 Hubi
2551 4238 2792 4297 surdum
2823 4249 2920 4298 aet
2945 4251 3170 4298 mutum

2432 4333 2668 4391 curauit.

2336 4493 2461 4542 1111.
2501 4501 2556 4548 >
2584 4493 2676 4543 fuit
2698 4492 2832 4558 legio
2852 4493 2914 4542 Θ.

2338 4559 2400 4607 V.
2436 4558 2624 4608 honore
2666 4559 2957 4609 esse-t-dicit
3002 4561 3171 4610 Tkom.

2270 4625 2396 4684 (non
2418 4631 2585 4673 autem
2603 4626 2749 4674 Alex.
2770 4627 2869 4687 14).
2915 4641 3008 4673 om.
3034 4631 3172 4675 duo·

2270 4694 2457 4739 decim
2510 4691 2573 4740 Θ.
2655 4699 2703 4738 et
2768 4690 3042 4755 praemittit
3102 4693 3173 4741 eis

2282 4757 2332 4804 T
2323 4756 2480 4814 hom.;
2511 4771 2604 4804 om.
2627 4756 2689 4804 Θ.

2338 4821 2429 4869 VI.
2481 4823 2784 4878 discipuliz
2851 4821 3068 4884 apostoli
3124 4823 3171 4870 Θ

2273 4886 2446 4945 Har-L,
2479 4886 2530 4934 T
2522 4886 2649 4934 hom.
2716 4902 2811 4935 om.
2851 4893 2910 4936 et
2948 4891 3171 4936 duobus

2270 4953 2523 5008 piscibus
2541 4951 2604 5000 Θ.
2642 4954 2894 5009 piscibus
2910 4966 2943 4993 ψ
2959 4953 3174 5016 quinque

2272 5015 2414 5065 milia
2453 5017 2674 5065 uirorum
2711 5023 2992 5066 saturantur
3025 5019 3171 5068 Alex.

2277 5095 2338 5146 14
2391 5090 2471 5146 ap.
2530 5082 2697 5131 Thom.
2797 5086 2868 5132 de
2930 5085 3172 5133 diuersa

2261 5155 2460 5211 praem.
2499 5153 2549 5196 et
2597 5148 2767 5197 Thone.
2848 5149 2911 5196 de
2945 5150 3174 5198 manibus

2272 5214 2351 5270 Θ;
2381 5228 2415 5262 4
2432 5220 2481 5261 et
2504 5214 2718 5262 uasculis
2744 5213 2971 5263 lauandis
3003 5215 3171 5264 Thone.

2275 5280 2324 5327 in
2348 5278 2549 5327 homine
2571 5280 2923 5334 Harl.,leom.
2984 5281 3055 5328 ad
3064 5282 3170 5345 fin.

2288 5344 2424 5395 *sed
2448 5360 2573 5408 quae
2602 5353 2778 5396 exeunt
2809 5345 2872 5396 de
2903 5345 3103 5395 homine
3125 5346 3171 5395 Θ

2272 5410 2400 5458 codd.
2423 5418 2500 5475 ap.
2529 5409 2699 5459 Thone.

2341 5475 2458 5523 VII.
2509 5475 2699 5524 saluata
2758 5475 2927 5532 Harl..
2973 5476 3173 5534 Thom.;

2273 5539 2479 5588 liberata
2502 5543 2561 5588 (··).

3355 1235 3649 1284 mortuam
3693 1225 3928 1284 suscitat

3272 1599 3618 1679 prophetam
3640 1601 3699 1660 in
3721 1602 3909 1678 patria
3930 1619 4035 1661 sua
4055 1602 4183 1662 sine

3353 1694 3577 1754 honore
3603 1713 3731 1755 esse
3760 1695 3901 1755 dicit

3273 1976 3583 2036 duodecim
3646 1977 3963 2055 discipulos
4016 1996 4180 2054 prae-

3355 2070 3526 2130 mittit
3554 2088 3691 2130 cum
3718 2073 4041 2149 praeceptis

3274 2258 3347 2318 de
3374 2259 3565 2336 capite
3594 2258 3881 2318 iohannis.

3272 2646 3381 2706 VI.
3426 2647 3697 2723 Regressi
3774 2647 4022 2724 apostoli
4105 2647 4179 2705 ad

3353 2742 3474 2800 ihm
3523 2741 3597 2799 de
3638 2741 3894 2818 quinque
3934 2741 4181 2818 panibus

3352 2846 3411 2894 et
3449 2835 3678 2895 duobus
3711 2835 3968 2912 piscibus
4010 2836 4179 2912 quin·

3352 2948 3468 3007 que
3496 2930 3655 2988 milia
3676 2930 3939 2989 uirorum
3961 2939 4178 2989 saturat

3353 3024 3442 3083 ihs
3469 3042 3644 3100 supra
3670 3040 3830 3084 mare
3857 3024 4114 3085 ambulat

3272 3513 3344 3553 ea
3404 3496 3594 3572 magis
3649 3495 4025 3573 coinquinare
4079 3494 4182 3554 ho·

3357 3591 3577 3648 minem
3632 3607 3783 3667 quae
3838 3600 4052 3649 exeunt
4107 3589 4182 3648 de

3355 3702 3475 3743 ore.

3277 3872 3415 3931 VII.
3458 3872 3662 3931 Filiam
3738 3873 4182 3950 syrophenissae

3358 3985 3393 4025 a
3449 3967 3758 4028 daemonio
3813 3968 4015 4026 liberat
4059 3986 4182 4026 sur-

3360 4062 3499 4121 dum
3537 4072 3596 4120 et
3635 4072 3863 4121 mutum
3899 4073 4058 4121 curat
4097 4062 4182 4120 di-

3358 4175 3500 4216 cens
3528 4157 3581 4215 ei
3609 4156 3823 4233 epheta

3346 4493 3407 4541 V.
3446 4494 3569 4542 ÷ad
3593 4493 3711 4541 init.
3736 4492 3993 4542 mulierem
4014 4509 4045 4541 a
4068 4507 4181 4558 pro-

3282 4558 3435 4608 fluuio
3457 4558 3712 4622 sanguinis
3733 4558 3916 4608 liberat
3939 4557 4021 4607 0².

3346 4624 3436 4673 VI.
3493 4625 3725 4689 regressis
3790 4624 4034 4689 apostolis
4091 4625 4127 4674 J
4132 4624 4181 4672 X

3289 4690 3459 4739 Thom.
3477 4689 3819 4754 apostolorum
3843 4689 3925 4738 0².
3982 4689 4186 4740 milibus

3277 4753 3359 4806 0².
3395 4757 3634 4805 saturauit
3662 4755 3832 4806 Thom.
3867 4759 4172 4809 ambulat-1-

3278 4821 3339 4870 de
3354 4821 3560 4871 diuersis
3575 4821 3900 4884 languoribus
3911 4823 4095 4872 sanatis
4102 4819 4185 4871 0².

3347 4887 3465 4936 VII.
3496 4886 3603 4936 filia
3627 4887 3719 4937 0¹¹.
