4717 6400
669 2454 673 2458 ’
778 2441 947 2499 XIII.
1009 2441 1443 2517 Propinquante
1501 2438 1722 2516 pascha
1787 2439 1981 2498 iudae-

778 673 903 751 496

1107 842 1310 890 AHVY
1323 842 1475 890 Harl.
1510 852 1650 904 2797.

862 937 1057 994 mitate
1129 954 1233 993 sua
1295 934 1543 993 dicendo
1604 952 1777 1011 surge
1843 935 1979 994 tolle

860 1031 1192 1105 grabattum
1262 1039 1424 1087 tuum
1499 1038 1556 1086 et
1621 1028 1860 1088 ambula
1920 1030 1980 1085 in

861 1126 1103 1183 sabbato
1154 1133 1314 1182 curat
1358 1123 1661 1199 aequalem
1709 1142 1770 1182 se
1821 1124 1978 1202 quod

2227 842 2447 892 OECfflJ
2456 843 2663 906 (breues)
2669 841 2831 892 OTX.

2243 938 2527 1007 triginta
2554 941 2625 994 et
2646 939 2849 995 hoeto
2868 953 2983 994 an-

2247 1048 2491 1089 norum
2594 1029 2984 1088 infirmitatem

2249 1123 2503 1183 homiuis
2532 1134 2714 1182 sanat.

859 1229 979 1277 erat
1007 1219 1226 1277 faciens
1255 1218 1388 1288 deo.

779 1314 885 1372 XI.
930 1313 1108 1385 Quod
1146 1313 1292 1369 filius
1322 1313 1468 1370 sicut
1502 1322 1663 1388 pater
1701 1313 1980 1371 suscitans

861 1418 1121 1466 mortuos
1152 1407 1223 1464 sit
1250 1405 1564 1482 aequaliter
1599 1405 1980 1464 honorandus

860 1504 919 1560 in
983 1519 1103 1578 quo
1171 1500 1471 1558 credentes
1540 1509 1835 1558 transeant
1906 1499 1980 1557 de

862 1605 1046 1653 morte
1070 1594 1142 1651 ad
1161 1594 1340 1652 uitam
1414 1603 1720 1651 uenturam
1743 1610 1980 1670 quoque

861 1689 1193 1766 pronuntiat
1234 1687 1442 1746 horam
1486 1705 1607 1764 quo
1652 1687 1724 1745 de
1769 1704 1979 1744 monu-

858 1783 1071 1842 mentis
1099 1782 1240 1841 boni
1272 1781 1526 1857 malique
1556 1792 1876 1856 resurgant.

781 1877 919 1934 XII.
965 1876 1080 1935 Pro
1130 1876 1464 1934 testimonio
1512 1892 1620 1933 suo
1666 1873 1981 1933 iohannem

860 1972 1154 2029 lucernam
1186 1967 1439 2045 appellat
1583 1978 1806 2045 patrem
1836 1986 1981 2044 quo-

860 2083 972 2140 que
991 2073 1046 2123 et
1070 2065 1382 2139 scripturas
1404 2062 1478 2120 de
1501 2081 1562 2119 se
1585 2061 1984 2120 testimonium

861 2158 1161 2235 perbibere
1184 2157 1426 2215 iudaeos
1443 2156 1622 2214 alium
1645 2164 1981 2233 recepturos

860 2253 934 2311 de
965 2271 1026 2311 se
1057 2262 1251 2311 autern
1288 2269 1496 2309 mosen
1538 2250 1829 2327 scripsisse
1868 2260 1982 2309 tes-

862 2358 1029 2406 tatur.

2169 1875 2302 1936 Hac
2409 1877 2547 1937 dicit
2650 1878 2984 1935 scrutamini

2248 1972 2573 2049 scripturas.

2166 2066 2245 2124 Et
2273 2067 2320 2124 si
2347 2066 2655 2125 crederetis
2679 2064 2837 2124 Mosi
2860 2083 2985 2124 cre-

2249 2159 2462 2220 deretis
2482 2160 2723 2219 forsitan
2745 2170 2800 2219 et
2825 2157 2981 2217 mihi.

2087 2442 2190 2500 V1.
2234 2448 2334 2501 De
2363 2445 2665 2513 quinque
2692 2444 2985 2514 panibus

859 2554 1024 2594 orum
1054 2535 1126 2592 de
1154 2534 1409 2611 quinque
1449 2533 1701 2609 panibus
1738 2542 1794 2590 et
1834 2532 1979 2592 duo·
2249 2543 2318 2595 et
2345 2541 2612 2596 duobus
2641 2539 2963 2608 piscibus.

860 2630 967 2687 bus
1008 2629 1263 2705 piscibus
1306 2628 1561 2703 quinque
1602 2626 1758 2684 milia
1795 2626 1980 2685 homi-

860 2741 1004 2781 num
1034 2723 1309 2779 saturauit
1337 2740 1446 2797 pro
1484 2740 1604 2798 quo
1646 2722 1816 2796 signo
1845 2738 1979 2779 cum

860 2835 1057 2893 regern
1087 2834 1220 2874 eum
1258 2815 1472 2875 uellent
1516 2814 1701 2873 facere
1741 2814 1884 2890 fugit
1924 2824 1981 2873 et

860 2910 1165 2970 ambulans
1209 2927 1385 2985 supra
1434 2928 1590 2967 mare
1632 2910 1980 2986 pauentibus

861 3004 1158 3080 discipulis
1183 3004 1259 3061 ait
1278 3022 1391 3079 ego
1416 3022 1547 3061 sum
1568 3003 1742 3062 nolite
1761 3004 1978 3062 timere.

778 3099 979 3156 XIIII.
1022 3099 1078 3154 A
1107 3097 1287 3155 turbis
1317 3098 1608 3173 quaesitus
1631 3107 1688 3154 et
1712 3098 1982 3154 inuentus

861 3194 939 3252 ait
969 3192 1288 3269 operamini
1317 3191 1511 3250 cibum
1544 3190 1644 3268 qui
1677 3210 1800 3250 non
1839 3191 1983 3268 perit

859 3298 915 3345 et
964 3305 1178 3362 panem
1229 3286 1300 3344 de
1351 3285 1525 3344 caelis
1582 3303 1785 3343 uerum
1843 3286 1983 3344 dicit

865 3380 1004 3438 dare
1033 3381 1215 3439 uitam
1243 3380 1484 3438 mundo.

783 3474 916 3531 XV.
962 3475 1180 3532 Panem
1211 3474 1360 3532 uitae
1389 3492 1449 3531 se
1480 3473 1615 3532 dicit
1643 3483 1699 3531 et
1738 3473 1979 3533 creden-
2030 3511 2034 3534 ι

862 3580 947 3628 tes
975 3570 1036 3626 in
1075 3587 1139 3627 se
1179 3568 1646 3626 resuscitaturum
1685 3569 1744 3624 in
1785 3569 1980 3626 nouis-

863 3665 1012 3722 simo
1041 3664 1152 3722 die.

780 3757 944 3815 XVI.
976 3757 1414 3816 Murmurantes
1439 3756 1781 3833 iosepheum
1798 3755 1976 3814 filium

863 3852 1062 3911 dicunt
1093 3862 1150 3909 at
1179 3852 1304 3928 ipse
1344 3852 1492 3909 inter
1532 3851 1711 3909 multa
1744 3868 1980 3909 carnem

861 3964 1028 4004 suam
1071 3963 1286 4022 panem
1336 3963 1398 4001 se
1444 3944 1711 4002 daturum
1755 3946 1831 4002 ait
1873 3962 1979 4020 pro

859 4038 1062 4098 mundi
1084 4039 1203 4096 uita
1225 4050 1281 4096 et
1299 4047 1488 4096 cetera
1510 4038 1713 4096 similia
1735 4038 1980 4115 plurima

859 4132 934 4191 de
964 4151 1116 4208 pane
1144 4143 1201 4190 et
1231 4150 1403 4190 carne
1434 4150 1540 4190 sua
1568 4142 1823 4190 testatur.

778 4226 976 4284 XVII.
1021 4225 1218 4284 Uerba
1250 4244 1354 4283 sua
1382 4225 1642 4301 spiritum
1683 4226 1978 4302 uitamque

859 4322 1192 4398 pronuntiat
1233 4328 1290 4377 et
1325 4337 1510 4376 unum
1552 4338 1624 4377 ex
1670 4319 1979 4378 duodecim

860 4415 1158 4473 diabolum
1188 4413 1455 4490 appellat.

774 4505 1005 4567 XVIII.
1053 4507 1283 4566 Iudaeis
1305 4507 1619 4565 interficere
1643 4526 1778 4565 eum
1801 4526 1978 4584 quae-

858 4604 1114 4660 rentibus
1157 4601 1416 4660 ascendit
1455 4602 1678 4660 occulte
1717 4602 1791 4659 ad
1821 4603 1977 4661 diem

839 4739 904 4787 X.
938 4739 1198 4803 grabatum
1220 4738 1271 4785 H
1293 4739 1446 4787 Harl.
1473 4740 1523 4787 T
1515 4739 1641 4786 hom.
1692 4739 1867 4787 sabato
1885 4738 1975 4786 W.

838 4806 929 4853 XI.
966 4809 1067 4852 sit:
1102 4805 1173 4853 sic
1199 4804 1267 4852 H.
1337 4819 1448 4861 quo
1471 4820 1581 4852 sect:
1619 4820 1716 4866 qua
1742 4804 1794 4852 H
1819 4804 1973 4853 Harl.
2073 4811 2158 4867 pr.
2181 4820 2273 4852 om.
2301 4804 2397 4852 ΘΟ
2432 4805 2481 4851 T
2474 4803 2599 4851 hom.
2670 4818 2729 4851 ac
2762 4801 2882 4851 cidit
2910 4801 2985 4850 0*

781 4871 951 4920 Thone.
980 4871 1100 4932 (non
1125 4870 1262 4930 AY).
1332 4877 1585 4933 resurgunt
1611 4869 1673 4917 Y.
2086 4869 2228 4926 (corr.
2254 4885 2312 4917 ac
2335 4868 2496 4930 dicit).
2564 4883 2733 4916 mosen
2758 4868 2831 4916 O*
2852 4884 2864 4926 ;
2887 4883 2979 4916 om.

838 4936 956 4984 XII.
997 4935 1265 4984 scribturas
1279 4935 1340 4983 Y.
1378 4951 1581 4997 moysen
1602 4934 1758 4983 Harl.
1786 4936 1836 4983 T
1829 4934 1975 4995 hom„
2082 4936 2143 4982 X.
2200 4950 2293 4982 om.
2312 4937 2617 4983 crederetis
2638 4949 2727 4983 sec.
2753 4932 2817 4981 X.

772 5017 969 5064 moyses
999 5002 1065 5048 H.
1135 5001 1384 5049 scribsisse
1407 5001 1468 5048 Y.
2147 5000 2236 5047 VI.
2272 5016 2417 5063 super
2439 5000 2515 5048 ffi.
2571 5015 2665 5047 om.
2690 5013 2899 5047 manna
2922 5004 2980 5045 et

837 5067 1012 5116 XIIII.
1050 5066 1191 5116 caelo
1219 5067 1284 5114 H.
2078 5067 2132 5114 J.
2201 5065 2399 5114 caelesti
2446 5065 2553 5114 rell.
2623 5080 2657 5112 a
2700 5068 2980 5114 eredenti·

837 5132 950 5180 XV.
987 5133 1086 5181 uite
1112 5132 1181 5180 H.
2081 5134 2211 5178 bus:
2249 5148 2306 5179 ac
2326 5134 2341 5188 (
2365 5145 2393 5172 ⁴-
2413 5132 2534 5181 dicit
2556 5129 2616 5192 J)
2646 5129 2980 5179 recedentibus

2178 2726 2243 2783 Et
2326 2725 2486 2803 quod
2569 2744 2701 2783 eum
2789 2743 2985 2800 regern

2247 2820 2436 2878 facere
2477 2821 2804 2877 uoluerunt.

2169 2915 2267 2973 Ins
2296 2933 2470 2991 supra
2498 2933 2656 2973 mare
2688 2912 2961 2973 ambulat.

2171 3115 2243 3172 Et
2299 3115 2373 3173 de
2430 3133 2646 3173 manna
2711 3126 2768 3174 et
2834 3133 2986 3191 pane

2248 3210 2392 3269 caeli
2425 3212 2690 3287 loquitur.

2169 4225 2222 4280 A
2251 4225 2619 4282 credentibus
2653 4225 2728 4280 ab
2765 4240 2837 4281 eo
2868 4221 2984 4281 dis-

2248 4318 2453 4396 cipulis
2482 4319 2706 4376 bunum
2738 4337 2809 4375 ex
2840 4316 2987 4376 duo-

2249 4413 2437 4471 decim
2470 4412 2767 4470 diabulum
2797 4412 2948 4470 dicit.

2086 4511 2241 4566 VII.
2287 4509 2813 4578 sehenophegia.

2171 4602 2269 4659 Ihs
2346 4602 2541 4658 medio
2627 4601 2755 4658 diae
2840 4600 2984 4658 festo

1733 672 1838 731 CA
1850 671 2188 731 PITULA
2244 671 2363 731 IN
2400 672 2577 732 EUA
2589 672 3039 732 NGE'LIUM

2151 4738 2213 4786 V.
2247 4741 2514 4794 triginta:
2566 4736 2739 4800 uiginti
2782 4736 2852 4785 1*.
2928 4744 2987 4785 et

3097 844 3210 894 Uat.
3224 842 3371 892 Alex.
3391 843 3475 905 14(
3490 865 3529 882 =
3554 842 3721 891 Thom.
3734 843 3836 906 Lp.
3851 850 3988 905 344).

3169 945 3333 994 motu
3360 946 3417 993 et
3448 935 3680 992 infirmo
3702 952 3988 993 annorum

3170 1031 3403 1106 triginta
3430 1040 3565 1089 octo
3602 1030 3702 1106 qui
3742 1029 3989 1106 grabba-

3170 1140 3295 1182 tum
3324 1142 3495 1183 suum
3533 1123 3675 1182 tulit.

3089 1218 3164 1275 Et
3199 1218 3270 1276 de
3310 1217 3527 1277 iudicio
3556 1216 3686 1275 Dei·
3707 1226 3764 1275 et
3802 1235 3989 1276 resur-

3174 1313 3428 1372 rectione
3457 1322 3839 1370 mortuorum.

3090 2064 3517 2125 Testimonium
3587 2065 3721 2123 Iesu
3778 2061 3992 2122 Christi

3172 2179 3305 2218 cum
3343 2160 3743 2237 increpatione
3782 2159 3990 2217 Iudae-

3171 2272 3356 2313 orum.

3090 2442 3195 2501 VI.
3240 2441 3330 2500 De
3360 2443 3618 2519 quiuque
3648 2441 3897 2517 panibus
3933 2451 3990 2498 et

3171 2537 3401 2594 duobus
3429 2536 3702 2612 piscibus

3088 2725 3167 2783 Et
3194 2723 3355 2801 quod
3394 2742 3529 2781 eum
3569 2741 3767 2799 regem
3804 2721 3992 2781 facere

3172 2819 3495 2878 uoluerunt.

3090 2912 3226 2971 VII.
3274 2913 3437 2970 Iesus
3466 2930 3641 2988 supra
3677 2929 3838 2969 mare
3869 2929 3991 2968 am·

3172 3006 3346 3067 bulat.

3090 3102 3164 3159 Et
3201 3102 3274 3159 de
3312 3117 3534 3158 manna
3574 3110 3630 3157 et
3668 3118 3821 3176 pane
3859 3117 3991 3157 cae-

3173 3196 3299 3254 lesti
3390 3206 3448 3253 et
3537 3194 3610 3253 de
3696 3193 3988 3253 oblatione

3174 3289 3444 3365 loquitur.

3090 4222 3179 4279 Ac
3210 4219 3613 4278 recedentibus
3653 4219 3729 4276 ab
3767 4236 3840 4277 eo
3874 4217 3988 4275 dis-

3172 4313 3378 4390 cipulis
3446 4330 3629 4371 unum
3694 4312 3987 4372 diabolum

3170 4428 3243 4468 ex
3276 4408 3584 4468 duodecim
3616 4407 3768 4465 dicit.

3091 4599 3255 4657 Iesus
3284 4597 3544 4656 ascendit
3575 4595 3868 4653 mediante
3897 4594 3988 4651 die

838 5197 980 5246 XVI.
1016 5204 1205 5246 caetera
1265 5197 1433 5245 Thom.
1523 5212 1618 5245 om.
1666 5202 1724 5245 et
1768 5213 1853 5245 sec.
1901 5196 1972 5245 H.
2082 5196 2305 5245 fflsox
2331 5196 2499 5244 Thone.
2553 5196 2814 5245 dioitxal.
2834 5204 2978 5244 uocat
3031 5177 3037 5254 Ι

768 5263 929 5312 carnis
952 5278 1067 5310 suae
1093 5262 1163 5310 H.
2077 5269 2123 5310 et
2146 5263 2397 5326 praedicat
2432 5262 2597 5312 leom.
3032 5271 3035 5296 =

836 5327 1006 5376 xvn.
1045 5328 1337 5393 pronunciat
1365 5328 1431 5375 H.
1501 5327 1758 5376 diabulau,
1784 5328 1844 5375 v.
2149 5328 2262 5376 vn.
2297 5329 2394 5377 diei
2421 5325 2552 5376 vx.
3030 5309 3035 5442 Ι

837 5393 1032 5441 XVIII.
1071 5392 1294 5442 occultae
1322 5393 1388 5440 H.
3270 5427 3297 5444 .-

2021 5437 2027 5508 Ι
3028 5455 3033 5512 1
