4717 6400
817 670 945 757 306
1255 671 1711 734 CAPITULA
1767 671 1880 731 IN
1921 669 2563 732 EUANGELJUM
2597 667 3120 732 SECUNDUM
3159 665 3503 729 LUCAM.

1144 840 1351 891 AHVY
1362 841 1520 892 Harl.
1547 850 1688 905 2797.

2427 839 2584 904 C(T).
3344 833 3556 898 DEPGQ
3576 849 3701 885 aur.

2146 933 2245 991 Ab
2271 933 2414 991 hora
2443 944 2608 991 sexta
2635 931 2860 1008 husque
2888 929 2965 988 ad

2229 1044 2450 1086 nonam
2519 1025 2645 1084 dies
2712 1025 2964 1084 hobscu-

2230 1131 2388 1179 ratus
2417 1130 2557 1180 aest.

2150 1214 2225 1274 Et
2267 1215 2391 1273 ihm
2436 1219 2568 1290 spm
2625 1212 2962 1271 hemittente

2232 1308 2427 1368 uelum
2472 1307 2672 1384 templi
2720 1306 2965 1366 scissum

2235 1414 2375 1462 aest.

2152 1497 2384 1570 Quibus
2412 1496 2552 1555 uisis
2578 1494 2879 1555 centburio
2908 1503 2966 1552 et

2233 1594 2332 1670 qui
2363 1592 2602 1650 aderant
2629 1590 2773 1649 dnm
2802 1607 2965 1665 mag-

2233 1686 2490 1746 nificant.

2154 1779 2372 1859 Ioseph
2428 1778 2684 1856 postulat
2751 1795 2966 1854 corpus

2232 1884 2326 1933 aet
2353 1874 2570 1951 sepelit.

2153 1969 2332 2042 Quod
2350 1968 2617 2028 mulieres
2638 1967 2965 2043 relinquen-

2232 2077 2321 2124 tes
2349 2081 2474 2123 non
2500 2061 2823 2121 inueniunt.

823 2116 1045 2216 XCIII.
1095 2157 1152 2215 A
1192 2155 1423 2216 duobus
1470 2154 1531 2213 id
1575 2163 1663 2214 est
1710 2150 1914 2230 cleopa
1962 2161 2020 2211 et
2071 2164 2261 2220 XXI.
2289 2159 2630 2217 Nuntiant
2650 2158 2968 2215 mulieres
3022 2157 3333 2218 LXXVII.
3373 2158 3444 2216 In
3466 2158 3738 2235 passione
3759 2155 3904 2215 dixit
3933 2155 4026 2216 ihs

904 2250 1069 2311 socio
1124 2250 1251 2310 eius
1306 2249 1471 2309 cuius
1526 2265 1744 2307 nomen
1801 2256 2021 2305 tacetur

904 2345 1173 2405 euntibus
1218 2345 1279 2402 in
1328 2343 1628 2403 castellum
1672 2340 1833 2419 quod
1883 2350 2020 2399 tunc

905 2455 1171 2499 emmaus
1209 2439 1530 2498 uocabatur
1565 2445 1701 2513 post
1741 2434 2020 2495 confabu-

903 2533 1180 2592 lationem
1251 2531 1537 2609 prolixam
1606 2530 1668 2588 in
1744 2529 2022 2588 fractione

905 2628 1075 2706 panis
1102 2627 1450 2704 agnoscitur.

826 3285 1082 3347 XCIIII.
1155 3283 1664 3361 Conloquentibus
1732 3281 2026 3359 discipulis

907 3380 1144 3440 adstans
1186 3378 1246 3437 in
1287 3378 1484 3437 medio
1524 3376 1663 3437 dicit
1702 3395 1818 3453 pax
1859 3376 2027 3435 uobis

907 3485 967 3534 et
1037 3472 1229 3532 adhuc
1292 3482 1578 3553 pauentes
1647 3470 2024 3548 spiritumque

907 3576 1181 3646 putantes
1235 3566 1570 3627 ostensione
1619 3564 2026 3626 transfixamm

908 3678 1192 3722 manuum
1288 3660 1623 3742 pedumque
1720 3658 2027 3717 confirmat

908 3756 1090 3816 edens
1145 3770 1345 3815 coram
1394 3754 1533 3832 ipsis
1580 3763 1806 3831 partem
1854 3752 2025 3830 piscis

910 3846 1028 3906 assi
1110 3856 1168 3905 et
1251 3844 1450 3903 sauum
1531 3843 1719 3903 mellis
1801 3842 2029 3901 instruit

911 3958 1015 4000 eos
1069 3938 1425 4016 promissum
1479 3937 1657 4015 patris
1711 3936 2026 3996 missurum

834 4045 844 4056 ·
911 4053 974 4094 se
1017 4032 1219 4092 dicens
1260 4030 1521 4091 ascendit
1562 4031 1625 4089 in
1665 4030 1912 4090 caelum.

896 4298 1094 4353 XCIII.
1142 4311 1393 4350 emmaus
1423 4308 1460 4346 -ι-
1491 4311 1621 4345 nunc
1674 4294 1898 4360 nicopoli
1955 4295 2026 4345 H.

832 4365 1077 4420 uocitatur
1100 4364 1171 4414 H.

2235 2256 2631 2324 angelorum
2764 2251 2969 2309 uisio-
3101 2263 3265 2330 pater
3313 2252 3538 2312 dimitte
3586 2252 3696 2311 illis
3741 2251 3877 2328 quia
3924 2269 4024 2309 ne-

2234 2364 2409 2407 nem.
2788 2350 2799 2362 ’
3103 2348 3291 2406 sciunt
3317 2357 3376 2407 et
3403 2348 3507 2405 uni
3536 2345 3854 2405 latronibus
3883 2344 4027 2405 dicit

2157 2461 2266 2502 nec
2297 2441 2541 2501 credunt
2569 2438 2852 2514 discipuli.
3104 2438 3276 2500 hodie
3318 2458 3550 2501 mecum
3593 2442 3705 2499 eris
3747 2439 3811 2497 in
3856 2456 4025 2516 para·

2155 2537 2381 2595 Euntes
2408 2536 2527 2594 duo
2560 2532 2636 2592 ad
2669 2532 2969 2593 castellum
3103 2534 3256 2595 disc.

2237 2630 2295 2688 in
2324 2629 2494 2708 panis
2521 2628 2797 2687 fractione
2827 2631 2971 2703 xpm

2238 2732 2582 2802 agnoscunt.

2157 2819 2392 2892 Quibus
2445 2817 2536 2875 ihs
2590 2814 2855 2893 apparuit
2913 2823 2971 2872 et

2240 2914 2445 2990 plagas
2466 2928 2589 2970 non
2607 2909 2973 2969 credentibus

2238 3005 2533 3068 hostendit
2611 3013 2669 3063 et
2750 3003 2971 3080 piscem

2239 3101 2351 3161 hac
2394 3099 2590 3158 fauum
2640 3096 2971 3157 aedendum

2242 3193 2487 3272 accepit.

2161 3291 2514 3369 Adloquitur
2562 3287 2860 3366 apostolos
2918 3296 2977 3345 et
3031 3288 3526 3349 LXXVIII.Post
3542 3290 4029 3350 resurrectionem

2243 3403 2347 3445 cor
2393 3401 2635 3444 aeorum
2677 3383 2859 3459 aperit
2900 3380 2977 3439 ad
3111 3384 3376 3462 apparuit
3410 3384 3499 3444 ihs
3535 3403 3618 3443 ·11·
3655 3384 3928 3443 euntibus
3968 3383 4030 3442 in

2241 3475 2849 3555 intelligendumquod
2866 3474 2977 3535 hoc
3110 3476 3310 3537 uillam
3347 3488 3406 3537 et
3442 3477 3724 3556 apostolis
3756 3488 3815 3536 et
3853 3477 4032 3538 bene-

2243 3571 2499 3649 compati
2527 3569 2898 3647 hoportuerit.
3110 3572 3310 3632 dicens
3349 3591 3453 3633 eos
3495 3571 3758 3635 ascendit
3798 3572 3860 3630 In
3901 3587 4032 3631 cae-

2160 3667 2236 3727 Et
2264 3666 2369 3726 hut
2398 3665 2510 3725 illic
2533 3673 2766 3725 aessent
2786 3662 2974 3723 donec
3108 3666 3249 3725 lum.

2244 3762 2304 3820 in
2330 3778 2435 3820 eos
2462 3759 2682 3818 ueniret
2709 3759 2909 3817 uirtus.

2162 3855 2338 3915 Tunc
2390 3852 2682 3913 benedixit
2728 3869 2869 3911 aeos
2915 3861 2976 3910 et

2245 3948 2478 4009 recessit
2574 3944 2975 4024 relinquidque

2243 4042 2546 4104 laudantes
2642 4040 2818 4100 deum
2915 4040 2974 4097 in

2245 4136 2483 4213 temp10.

2148 4296 2263 4345 XX.
2283 4296 2387 4344 iesu
2413 4292 2984 4356 Thom.magnificabant
3100 4296 3367 4348 LXXVII.
3424 4308 3463 4346 4-
3487 4303 3539 4347 et
3583 4296 3657 4348 ad
3695 4296 3813 4346 init.
3859 4295 4035 4361 ffGQ.

2082 4362 2147 4411 al·
2194 4368 2273 4425 ap·
2327 4359 2500 4410 Thom-
2566 4360 2981 4416 relinquentes:
3035 4365 3120 4414 uni
3150 4364 3213 4413 de
3243 4363 3350 4413 latr.
3380 4362 3575 4427 Qaeur„
3608 4378 3711 4413 nno
3739 4362 3803 4411 de
3831 4360 3944 4413 latr.
3968 4361 4033 4412 G.

898 4429 1119 4483 XCIIII.
1172 4426 1503 4479 ostensionem
1542 4425 1614 4476 H.
1688 4424 2030 4476 transfixuram
2083 4427 2381 4491 requirentes
2433 4425 2605 4475 Thom.
2647 4427 2772 4487 (non
2814 4432 2983 4475 autem
3035 4429 3161 4480 dixit
3197 4428 3377 4480 Gaur.
3450 4437 3506 4485 >
3526 4442 3720 4480 mecum
3756 4429 3853 4480 eris
3888 4426 4039 4478 hodie

832 4497 989 4547 Harl.
1058 4510 1154 4544 eos
1170 4507 1281 4546 ÷ac
1306 4491 1375 4542 H.
2093 4493 2208 4542 Uat.
2233 4504 2361 4555 4221
2386 4496 2436 4539 et
2454 4491 2602 4540 Alex.
2633 4493 2731 4551 ιο).
3038 4496 3217 4546 Gaur.

865 4628 877 4641 ·
899 4562 1116 4637 διῶσεν..
1140 4559 1412 4624 expliciunt
1444 4555 1665 4622 capitula
1698 4556 1836 4615 HV;
1876 4555 2031 4635 expli·
2150 4557 2294 4607 XXI.
2322 4563 2659 4615 acnosount:
2683 4564 2987 4633 cognoscunt
3102 4558 3393 4609 LXXVIII.
3450 4562 3674 4611 dnobus
3711 4570 3747 4607 -ι-
3789 4573 3820 4606 a
3890 4556 4038 4607 stolis

834 4635 971 4678 ciunt
1008 4625 1230 4691 capitula
1264 4623 1531 4674 secundnm
1575 4622 1721 4672 lucan
1765 4622 1844 4682 Y;
1894 4623 2038 4672 nahal
2095 4623 2282 4680 Thom„
2313 4628 2361 4672 et
2389 4636 2424 4671 -ι-
2451 4632 2499 4671 et
2523 4622 2700 4673 reuersi
2723 4621 2986 4686 discipulis
3036 4641 3152 4673 aur.
3175 4632 3401 4690 etpostea
3421 4640 3516 4674 om.
3538 4629 3596 4673 et·
3617 4629 3814 4681 aposto
3969 4621 4037 4672 ad

835 4693 1016 4742 habent
1038 4693 1087 4740 A
1104 4690 1259 4740 Harl.

2085 4689 2303 4738 indicant
2337 4688 2510 4739 Hom.
2578 4687 2984 4746 quibus÷subi·
3036 4690 3210 4740 uillam
3235 4690 3297 4754 Q.
3368 4689 3420 4738 in
3442 4689 3594 4739 caelis
3616 4688 3776 4753 zPGQ
3787 4703 3904 4738 aar.

2087 4762 2141 4804 to
2172 4754 2343 4804 771001.
2367 4757 2492 4816 (non
2513 4761 2681 4803 autem
2714 4754 2827 4805 Uat.
2855 4766 2978 4815 42²1
3103 4754 3298 4804 Subscr.
3348 4754 3454 4805 finit
3492 4755 3556 4804 de
3596 4754 3774 4804 lucano
3814 4754 3883 4814 D,
3918 4751 4043 4816 expt

2083 4827 2132 4869 et
2152 4820 2300 4869 Alex.
2330 4821 2430 4880 10).
2495 4834 2555 4869 ac
2588 4820 2773 4895 piscem
2812 4818 2982 4868 Thom.
3036 4820 3179 4887 capti
3212 4820 3295 4870 sed
3333 4819 3499 4871 lucam
3534 4820 3602 4882 G,
3634 4819 3841 4888 explicit
3874 4817 4039 4868 breuis

2086 4885 2151 4935 ad
2172 4884 2419 4935 edendum
2441 4884 2627 4949 accipit
2656 4884 2827 4934 Thom.
2888 4884 2987 4934 hoc
3038 4885 3310 4952 disputatio
3324 4885 3568 4949 euangelii
3585 4884 3855 4936 secundnm
3872 4883 4036 4932 lucam

2086 4966 2199 5000 eum
2215 4950 2328 5066 gatti
2355 4951 2523 5000 Thom.
2542 4957 2589 4999 et
2605 4950 2703 5001 hoc
2721 4966 2833 5000 eum
2850 4965 2983 4999 com-
3039 4951 3231 5018 (deinde
3243 4951 3470 5017 sequitur
3478 4951 3653 5016 incipit
3666 4947 4037 5015 interpraetatio

2088 5017 2193 5082 pati
2262 5023 2330 5064 at.
2348 5028 2473 5080 4221
2496 5023 2544 5065 et
2560 5016 2706 5066 Alex.
2730 5029 2805 5065 10.
2872 5020 2982 5066 uir·
3037 5022 3175 5069 nomi
3204 5016 3445 5078 eiusdem)
3477 5016 3567 5078 3³3
3600 5016 3745 5066 nihil
3767 5015 3951 5065 habent
3977 5019 4039 5063 ut

2087 5090 2180 5132 tus
2196 5096 2232 5132 4-
2247 5081 2524 5131 ammonuit
2549 5082 2721 5132 Thone.
2786 5085 2981 5133 deum:
3036 5084 3246 5135 uidetur
3264 5082 3313 5146 Q
3333 5097 3448 5131 aur.

2086 5148 2343 5197 dominum
2374 5147 2544 5196 Thom.

2155 5213 2349 5264 Subscr.
2377 5212 2582 5277 explicit
2594 5211 2825 5264 elenchus
2837 5228 2983 5263 euan-

2087 5279 2206 5344 gelii
2230 5278 2370 5329 lucae
2393 5279 2455 5329 C.
