4717 6400
807 692 930 774 296
1759 683 2212 747 CAPITULA
2267 681 2378 742 IN
2419 677 3057 739 EUANGELIUM

1129 858 1334 909 AHVY
1351 859 1505 908 Harl.
1532 866 1674 921 2797.

886 953 1164 1033 gaudium
1218 952 1293 1012 de
1348 949 1747 1028 paenitentum
1816 947 2002 1007 salute

888 1048 1160 1108 futurum.

813 1511 1007 1573 LXII.
1047 1512 1393 1573 Parabolam
1420 1530 1652 1590 ponens
1678 1511 1753 1570 de
1775 1507 1928 1586 frugi
1949 1518 2009 1568 et

891 1609 1191 1669 luxurioso
1240 1608 1370 1667 filiis
1418 1607 1813 1666 reuersionem
1867 1621 2007 1682 pro-

893 1704 1018 1781 digi
1074 1703 1149 1762 ad
1203 1713 1428 1780 patrem
1483 1700 1730 1776 salutem
1791 1698 2008 1758 indicat

890 1799 1301 1877 paenitentum.

816 1991 1040 2051 LXIII.
1083 1991 1178 2051 De
1218 1991 1392 2052 uilico
1427 1989 1740 2066 iniquitatis
1778 2005 1851 2048 ex
1891 1987 2009 2045 dis-

898 2085 1267 2145 similitudine
1324 2085 1425 2163 qui
1480 2083 1740 2142 debitum
1788 2080 2010 2140 domini

898 2181 985 2239 sui
1013 2190 1144 2240 astu
1172 2179 1488 2241 sollertiore
1515 2177 1804 2236 minuerat
1832 2176 2010 2234 intro-

898 2276 1071 2335 ducit.

819 2368 1073 2428 LXIHI.
1105 2366 1249 2427 Non
1263 2385 1437 2444 posse
1456 2366 1569 2426 deo
1586 2365 1794 2425 seruire
1814 2381 2015 2442 quem-

900 2481 1079 2540 quam
1107 2472 1166 2521 et
1192 2479 1503 2521 mamonae
1532 2478 1739 2520 auaros
1759 2459 2018 2535 increpat

902 2557 1238 2634 pharisaeos
1289 2555 1597 2634 legemque
1666 2554 1867 2613 dicens
1922 2552 2018 2611 uel

899 2650 1211 2729 prophetas
1278 2668 1464 2728 usque
1543 2647 1620 2707 ad
1697 2647 2016 2707 iohannem

902 2746 1213 2823 baptistam
1256 2754 1315 2804 et
1350 2745 1512 2823 quod
1551 2743 1848 2803 dimittens
1885 2741 2018 2820 quis

902 2857 1148 2898 uxorem
1176 2838 1534 2898 moechetur.

825 3204 1015 3266 LXV.
1060 3205 1570 3266 Inmisericordem
1609 3205 1849 3265 diuitem
1886 3223 2021 3282 pur-

906 3312 1177 3378 puratum
1246 3309 1307 3363 et
1374 3317 1690 3377 pauperem
1767 3299 2022 3358 lazarum

907 3392 1282 3453 introducens
1343 3393 1594 3455 ostendit
1654 3392 1848 3471 qualia
1907 3393 2024 3451 sint

907 3488 1133 3566 passuri
1179 3498 1442 3565 raptores
1496 3488 1546 3547 si
1596 3487 1680 3547 sic
1729 3496 2025 3546 merentur

909 3582 1102 3660 puniri
1141 3591 1392 3642 tenaces,

827 3675 1047 3737 LXVI.
1089 3675 1217 3736 Uae
1237 3677 1374 3737 dicit
1395 3676 1808 3737 scandalizanti
1826 3676 2025 3753 paeni-

910 3771 1053 3830 tenti
1094 3789 1236 3831 uero
1277 3771 1437 3830 fratri
1480 3771 1657 3829 etiam
1698 3770 2026 3848 septuagies

911 3866 1123 3942 septies
1149 3866 1427 3943 praecipit
1454 3863 1886 3924 remittendum.

833 4135 1084 4195 LXVII.
1124 4136 1345 4212 Augeri
1389 4136 1494 4196 sibi
1536 4147 1740 4214 petunt
1781 4137 2030 4215 apostoli

914 4230 1091 4291 fidem
1138 4240 1197 4290 et
1244 4229 1484 4289 audiunt
1535 4231 1608 4291 de
1655 4231 2030 4292 translatione

914 4325 1136 4386 arboris
1156 4324 1487 4384 facultatem
1508 4324 1813 4403 positaque
1835 4325 2031 4385 simili·

914 4419 1114 4479 tudine
1132 4418 1205 4478 de
1227 4437 1400 4478 seruo
1417 4429 1616 4479 arante
1638 4419 1734 4478 uel
1755 4431 2031 4497 pascente

917 4515 1090 4575 docet
1115 4522 1179 4572 ut
1198 4512 1427 4572 inutiles
1448 4531 1509 4573 se
1530 4514 1706 4572 etiam
1729 4513 2033 4591 implentes

919 4626 1071 4685 quae
1099 4616 1410 4684 praecepta
1438 4615 1573 4665 sunt
1598 4605 1902 4668 fateantur.

900 4779 1038 4829 LXI.
1203 4778 1423 4828 ‘tendum
1445 4777 1519 4838 H,
1542 4778 1687 4828 ·tium
1707 4779 1863 4827 Harl.

903 4845 1053 4895 LXII
1085 4881 1097 4892 .
1159 4847 1486 4902 iniquitati·
1523 4858 1561 4895 4-
1598 4844 1889 4908 parabolam
1957 4845 2026 4895 H.

835 4919 998 4961 astuta
1021 4908 1207 4959 Πανὶ*

904 4976 1123 5025 LXIIIL
1169 4988 1383 5032 90:⁸04
1399 4974 1566 5025 dicens
1611 4974 1685 5025 H.
1749 4972 2035 5026 moechatur

835 5042 916 5102 Y;
950 5041 1237 5091 moechatus
1258 5041 1321 5090 sit
1344 5039 1625 5089 manifestat
1651 5039 1720 5088 H.

903 5106 1062 5156 LXV.
1096 5122 1189 5156 om.
1213 5109 1263 5155 si
1289 5106 1401 5157 AY.
1466 5106 1638 5171 punire
1661 5106 1735 5155 H.

903 5171 1088 5222 LXVI.
1122 5187 1214 5221 om.
1233 5175 1553 5230 septuagies
1573 5170 1642 5221 H.
1701 5171 1949 5238 praecepit
1964 5172 2034 5221 H.

2088 5473 2094 5504 l

2473 848 2633 913 (ΧΤ).
3106 843 3231 895 ΒΘῦ
3239 841 3546 907 (breues)OX
3559 841 3684 893 Par.
3694 840 3812 891 Lat.
3824 839 4000 901 10438.

2266 942 2518 1020 pastoris
2534 950 2767 1019 propter
2782 938 3002 998 hunam

2266 1036 2483 1096 houem
2548 1034 2872 1111 nonaginta
2944 1041 3003 1091 et

2269 1148 2490 1190 nouem
2518 1128 2905 1206 relinquentis.

2187 1226 2265 1285 Et
2285 1225 2589 1284 mulierem
2611 1241 2762 1301 quae
2782 1221 3002 1279 hunam

2272 1318 2556 1396 perditam
2699 1315 3003 1374 inueniens

2269 1412 2498 1489 gaudet.

2194 1506 2294 1566 Set
2310 1516 2405 1565 aet
2420 1503 2764 1582 homnisqui
2775 1502 3005 1561 duobus
3107 1510 3164 1560 et
3189 1497 3444 1558 hominis
3471 1496 3572 1574 qui
3612 1495 3843 1556 duobus
3879 1495 4009 1554 filiis

2272 1599 2404 1659 filiis
2453 1599 2569 1659 suis
2623 1596 3005 1658 substantiam
3189 1593 3308 1653 suis
3362 1591 3745 1651 substantiam
3814 1589 4011 1648 diuisit

2274 1693 2466 1753 diuisit
2488 1712 2561 1752 ex
2583 1693 2795 1770 quibus
2817 1690 3009 1749 iunior

2273 1786 2552 1866 prodigae
2580 1786 2738 1863 hegit
2759 1804 2867 1863 pro
2888 1800 3009 1861 quo

2274 1881 2487 1941 uitulus
2513 1880 2849 1941 hocciditur.

2192 1977 2285 2036 De
2328 1976 2728 2053 dispensatore
2764 1972 3013 2050 prodigo
3115 1981 3188 2040 de
3274 1976 3672 2054 dispensatore
3762 1973 4013 2052 prodigo

2277 2070 2379 2148 qui
2407 2069 2696 2147 sapienter
2722 2067 2877 2127 fecit.
2956 2075 3013 2125 et
3198 2073 3298 2150 qui
3326 2071 3615 2152 sapienter
3641 2069 3788 2128 fecit,

2276 2165 2412 2225 ideo
2440 2162 2726 2240 exemplis
2753 2161 3015 2220 hortatur

2277 2256 2702 2334 hoperandum.

2197 2351 2275 2409 Et
2290 2349 2623 2410 deridentes
2640 2366 2813 2409 aeum
2822 2347 3016 2426 phari-

2281 2463 2452 2505 saeos
2483 2444 2763 2520 increpat.

2200 2538 2427 2616 Legem
2466 2548 2525 2597 et
2567 2536 2882 2615 prophetas
2924 2553 3017 2593 us-

2282 2651 2397 2712 que
2442 2631 2517 2691 ad
2569 2631 2886 2691 iohannem
2931 2628 3019 2686 di-

2283 2745 2440 2787 cens.

2205 2820 2340 2879 Hac
2381 2819 2636 2880 maecari
2677 2836 2850 2877 aeum
2882 2816 3019 2876 hos-

2286 2913 2471 2973 tendit
2528 2913 2630 2991 qui
2700 2930 2867 2971 suam
2934 2911 3020 2969 di-

2287 3007 2530 3066 missam
2550 3007 2791 3065 alteram
2810 3005 3022 3082 accipit

2284 3102 2590 3161 huxorem.

2123 3200 2306 3258 x‘V‘I-
2337 3199 2671 3257 Pmboh
2692 3199 2777 3255 <10
2806 3195 3023 3255 diuite
3126 3203 3290 3264 XVI.
3332 3202 3424 3263 De
3455 3202 3633 3264 diuite
3661 3213 3720 3264 et
3747 3202 3940 3262 lazaro

2288 3297 2358 3351 et
2385 3294 2751 3350 heleazaro.

2210 3665 2289 3724 Et
2314 3683 2425 3725 nec
2454 3665 2765 3723 minimum
2793 3663 2865 3723 de
2902 3680 3026 3723 cre-

2292 3759 2564 3818 dentibus
2627 3756 3025 3817 scandalizan-

2292 3853 2455 3913 dum.

2211 3947 2425 4026 Adque
2488 3947 2731 4006 homnia
2786 3955 3028 4023 accepta

2295 4041 2455 4100 fratri
2483 4039 2849 4100 remittenda.

2212 4134 2291 4195 Et
2307 4134 2471 4213 quod
2487 4135 2633 4194 fides
2655 4133 2759 4194 hut
2780 4151 3027 4212 granum

2295 4229 2531 4306 synapis
2580 4227 2886 4289 transferat
2937 4245 3027 4287 ar*

2295 4324 2501 4383 borem
2529 4323 2677 4381 mori
2703 4322 2764 4381 in
2793 4340 2970 4381 mare.

2215 4415 2350 4476 Hac
2382 4435 2554 4476 seruo
2582 4434 2820 4494 quoque
2850 4416 3026 4476 serui-
3129 4429 3189 4480 et
3231 4417 3392 4497 quod
3435 4419 3727 4480 seruitium
3761 4419 3835 4480 sit
3869 4418 4029 4481 exhi·

2295 4511 2441 4569 tium
2487 4510 2748 4569 debitum
2790 4511 3030 4570 exiben-
3214 4513 3475 4574 bendum

2298 4604 2458 4663 dum.

2686 4727 3025 4734 ——..-———-

2200 4778 2315 4825 XV.
2384 4780 2597 4827 hunam
2667 4790 2705 4828 4-
2772 4778 3030 4842 dragmam
3197 4779 3313 4829 XV.
3355 4778 3601 4835 >diuisit
3622 4782 3946 4833 substantiam
3968 4784 4033 4835 Θ.

2144 4843 2314 4892 Thonz.
2387 4843 2474 4892 sed
2511 4850 2563 4893 et
2600 4843 2817 4893 hominis
2857 4844 3028 4893 Thom.
3132 4847 3204 4894 de
3228 4848 3372 4903 (ssep.
3390 4849 3549 4903 prod.
3565 4848 3765 4911 partim
3790 4849 3847 4897 in
3870 4866 3969 4900 ras.
3987 4856 4035 4900 et

2134 4911 2366 4958 diuisit:
2401 4909 2593 4958 dimisit
2616 4910 2731 4959 Uat.
2747 4922 2893 4972 4221.
2944 4925 3033 4959 sua
3132 4912 3271 4960 inter
3288 4911 3384 4960 lin.
3408 4912 3474 4961 X.

2133 4974 2338 5023 dimissa
2369 4975 2540 5023 Thom.
2606 4978 2880 5024 huxorem
2896 4988 2931 5026 «t-
2947 4982 3033 5024 aut
3197 4976 3340 5026 XVI.
3377 4978 3675 5026 seruitium
3689 4990 3724 5027 -ι-
3740 4977 3963 5029 debitum
3992 4979 4035 5029 B

2134 5040 2199 5089 ab
2221 5039 2325 5088 alio
2346 5040 2602 5088 dimissam
2624 5040 2763 5090 ducit
2791 5041 2962 5090 Thom.
3133 5042 3228 5092 ΘΟ
3261 5040 3519 5106 (diuitum)
3565 5042 3736 5093 nom.
3837 5049 4033 5097 decem

2202 5104 2344 5153 XVI.
2381 5111 2608 5162 accepta
2625 5141 2640 5157 .
2663 5143 2676 5155 .
2703 5144 2716 5156 .
2739 5109 3030 5156 remitten-
3130 5111 3343 5166 leprosi
3365 5123 3438 5157 m.
3462 5113 3579 5157 ante
3607 5114 3667 5158 et
3699 5114 3853 5167 quod
3882 5126 4029 5161 nem.

2138 5173 2212 5219 da
2236 5187 2248 5218 ε
2307 5178 2510 5234 peccata
2557 5208 2568 5218 .
2613 5207 2627 5219 .
2680 5206 2693 5219 .
2736 5170 3033 5221 dimittenda
3129 5181 3214 5223 etc.
3228 5174 3379 5238 ponit
3398 5175 3455 5224 J.

2149 5236 2315 5285 Thone.
2356 5252 2458 5284 non
2496 5244 2663 5285 autem
2704 5237 2852 5287 Alex.
2891 5250 2951 5286 10
2988 5244 3034 5285 et

2147 5302 2263 5351 Uat.
2307 5315 2455 5364 42²¹·
2535 5306 2642 5352 hae
2695 5317 2862 5351 neruo
2915 5309 3030 5352 eta:

2137 5366 2668 5482 §marum
2689 5368 3034 5498 frtssgzroett
3082 5429 3088 5480 .

2659 5469 2669 5480 α
2688 5468 2701 5492 ,
3020 5462 3033 5470 ”

2087 5513 2092 5538 ι
2135 5497 2312 5546 uitium
2335 5498 2666 5548 exhibendum
2697 5499 2811 5549 (ἰαί.
2834 5512 2981 5563 4221.
3083 5491 3088 5542 ἶ
