<?xml version="1.0" encoding="UTF-8"?>
<!DOCTYPE html PUBLIC "-//W3C//DTD XHTML 1.0 Transitional//EN"
    "http://www.w3.org/TR/xhtml1/DTD/xhtml1-transitional.dtd">
<html xmlns="http://www.w3.org/1999/xhtml" xml:lang="en" lang="en">
 <head>
  <title>
</title>
<meta http-equiv="Content-Type" content="text/html;charset=utf-8" />
  <meta name='ocr-system' content='tesseract 3.04.00' />
  <meta name='ocr-capabilities' content='ocr_page ocr_carea ocr_par ocr_line ocrx_word'/>
</head>
<body>
  <div class='ocr_page' id='page_1' title='image "./nouumtestamentu00whitgoog_0545.png"; bbox 0 0 4717 6400; ppageno 0'>
   <div class='ocr_carea' id='block_1_1' title="bbox 924 841 1333 907">
    <p class='ocr_par' dir='ltr' id='par_1_1' title="bbox 924 841 1333 907">
     <span class='ocr_line' id='line_1_1' title="bbox 924 841 1333 907; baseline 0 -15"><span class='ocrx_word' id='word_1_1' title='bbox 924 841 1134 907; x_wconf 64' lang='lat' dir='ltr'>Dff‘GQ</span> <span class='ocrx_word' id='word_1_2' title='bbox 1155 858 1270 892; x_wconf 81' lang='lat' dir='ltr'>aur.</span> <span class='ocrx_word' id='word_1_3' title='bbox 1295 858 1333 892; x_wconf 91' lang='lat' dir='ltr'><strong>c.</strong></span> 
     </span>
    </p>
   </div>
   <div class='ocr_carea' id='block_1_2' title="bbox 627 934 1631 1654">
    <p class='ocr_par' dir='ltr' id='par_1_2' title="bbox 701 934 1631 1089">
     <span class='ocr_line' id='line_1_2' title="bbox 710 934 1631 995; baseline -0.003 0"><span class='ocrx_word' id='word_1_4' title='bbox 710 937 938 995; x_wconf 85' lang='lat' dir='ltr'><strong>Fratres</strong></span> <span class='ocrx_word' id='word_1_5' title='bbox 988 936 1111 994; x_wconf 90' lang='lat' dir='ltr'>eius</span> <span class='ocrx_word' id='word_1_6' title='bbox 1171 935 1321 995; x_wconf 89' lang='lat' dir='ltr'>uade</span> <span class='ocrx_word' id='word_1_7' title='bbox 1378 934 1514 994; x_wconf 88' lang='lat' dir='ltr'>hinc</span> <span class='ocrx_word' id='word_1_8' title='bbox 1569 936 1631 992; x_wconf 90' lang='lat' dir='ltr'>in</span> 
     </span>
     <span class='ocr_line' id='line_1_3' title="bbox 701 1017 959 1089; baseline -0.004 -2"><span class='ocrx_word' id='word_1_9' title='bbox 701 1017 959 1089; x_wconf 44' lang='lat' dir='ltr'>‘iudeam.</span> 
     </span>
    </p>

    <p class='ocr_par' dir='ltr' id='par_1_3' title="bbox 627 1122 1631 1467">
     <span class='ocr_line' id='line_1_4' title="bbox 627 1122 1629 1184; baseline -0.003 -1"><span class='ocrx_word' id='word_1_10' title='bbox 627 1124 758 1184; x_wconf 90' lang='lat' dir='ltr'>XV.</span> <span class='ocrx_word' id='word_1_11' title='bbox 803 1124 880 1183; x_wconf 86' lang='lat' dir='ltr'>Et</span> <span class='ocrx_word' id='word_1_12' title='bbox 908 1123 1070 1182; x_wconf 84' lang='lat' dir='ltr'>Dixit</span> <span class='ocrx_word' id='word_1_13' title='bbox 1110 1124 1198 1183; x_wconf 81' lang='lat' dir='ltr'>ihs</span> <span class='ocrx_word' id='word_1_14' title='bbox 1238 1122 1432 1184; x_wconf 88' lang='lat' dir='ltr'>Nolite</span> <span class='ocrx_word' id='word_1_15' title='bbox 1474 1123 1629 1181; x_wconf 90' lang='lat' dir='ltr'><strong>Iudi·-</strong></span> 
     </span>
     <span class='ocr_line' id='line_1_5' title="bbox 709 1217 1631 1296; baseline -0.003 -18"><span class='ocrx_word' id='word_1_16' title='bbox 709 1238 843 1278; x_wconf 87' lang='lat' dir='ltr'>care</span> <span class='ocrx_word' id='word_1_17' title='bbox 872 1228 1112 1296; x_wconf 84' lang='lat' dir='ltr'>propter</span> <span class='ocrx_word' id='word_1_18' title='bbox 1149 1217 1360 1277; x_wconf 87' lang='lat' dir='ltr'>faciem</span> <span class='ocrx_word' id='word_1_19' title='bbox 1394 1217 1631 1294; x_wconf 87' lang='lat' dir='ltr'>queritis</span> 
     </span>
     <span class='ocr_line' id='line_1_6' title="bbox 709 1315 1629 1389; baseline -0.001 -18"><span class='ocrx_word' id='word_1_20' title='bbox 709 1333 802 1371; x_wconf 91' lang='lat' dir='ltr'>me</span> <span class='ocrx_word' id='word_1_21' title='bbox 832 1324 889 1372; x_wconf 91' lang='lat' dir='ltr'>et</span> <span class='ocrx_word' id='word_1_22' title='bbox 919 1315 1019 1371; x_wconf 92' lang='lat' dir='ltr'>ubi</span> <span class='ocrx_word' id='word_1_23' title='bbox 1050 1332 1163 1389; x_wconf 84' lang='lat' dir='ltr'>ego</span> <span class='ocrx_word' id='word_1_24' title='bbox 1203 1331 1332 1371; x_wconf 90' lang='lat' dir='ltr'>sum</span> <span class='ocrx_word' id='word_1_25' title='bbox 1364 1330 1486 1372; x_wconf 89' lang='lat' dir='ltr'>non</span> <span class='ocrx_word' id='word_1_26' title='bbox 1523 1330 1629 1389; x_wconf 89' lang='lat' dir='ltr'>po·</span> 
     </span>
     <span class='ocr_line' id='line_1_7' title="bbox 709 1409 1112 1467; baseline -0.007 0"><span class='ocrx_word' id='word_1_27' title='bbox 709 1409 867 1467; x_wconf 83' lang='lat' dir='ltr'>testis</span> <span class='ocrx_word' id='word_1_28' title='bbox 898 1409 1112 1467; x_wconf 86' lang='lat' dir='ltr'>uenire.</span> 
     </span>
    </p>

    <p class='ocr_par' dir='ltr' id='par_1_4' title="bbox 627 1499 1631 1654">
     <span class='ocr_line' id='line_1_8' title="bbox 627 1499 1631 1574; baseline 0 -16"><span class='ocrx_word' id='word_1_29' title='bbox 627 1501 790 1559; x_wconf 87' lang='lat' dir='ltr'>XVI.</span> <span class='ocrx_word' id='word_1_30' title='bbox 832 1500 951 1574; x_wconf 86' lang='lat' dir='ltr'>Qui</span> <span class='ocrx_word' id='word_1_31' title='bbox 994 1502 1110 1561; x_wconf 87' lang='lat' dir='ltr'>sitit</span> <span class='ocrx_word' id='word_1_32' title='bbox 1155 1500 1370 1559; x_wconf 88' lang='lat' dir='ltr'>Ueniat</span> <span class='ocrx_word' id='word_1_33' title='bbox 1419 1499 1494 1559; x_wconf 87' lang='lat' dir='ltr'>ad</span> <span class='ocrx_word' id='word_1_34' title='bbox 1536 1517 1631 1558; x_wconf 88' lang='lat' dir='ltr'>me</span> 
     </span>
     <span class='ocr_line' id='line_1_9' title="bbox 705 1596 968 1654; baseline -0.008 0"><span class='ocrx_word' id='word_1_35' title='bbox 705 1604 764 1654; x_wconf 90' lang='lat' dir='ltr'>et</span> <span class='ocrx_word' id='word_1_36' title='bbox 792 1596 968 1654; x_wconf 85' lang='lat' dir='ltr'><strong>bibat.</strong></span> 
     </span>
    </p>
   </div>
   <div class='ocr_carea' id='block_1_3' title="bbox 627 1969 1629 2217">
    <p class='ocr_par' dir='ltr' id='par_1_5' title="bbox 627 1969 1629 2217">
     <span class='ocr_line' id='line_1_10' title="bbox 627 1969 1628 2030; baseline -0.002 0"><span class='ocrx_word' id='word_1_37' title='bbox 627 1969 825 2030; x_wconf 90' lang='lat' dir='ltr'><strong>XVII.</strong></span> <span class='ocrx_word' id='word_1_38' title='bbox 869 1971 945 2030; x_wconf 88' lang='lat' dir='ltr'>Et</span> <span class='ocrx_word' id='word_1_39' title='bbox 975 1971 1193 2030; x_wconf 89' lang='lat' dir='ltr'>ducunt</span> <span class='ocrx_word' id='word_1_40' title='bbox 1224 1970 1298 2030; x_wconf 88' lang='lat' dir='ltr'>ad</span> <span class='ocrx_word' id='word_1_41' title='bbox 1337 1990 1473 2030; x_wconf 89' lang='lat' dir='ltr'>eum</span> <span class='ocrx_word' id='word_1_42' title='bbox 1501 1989 1628 2029; x_wconf 92' lang='lat' dir='ltr'>mu-</span> 
     </span>
     <span class='ocr_line' id='line_1_11' title="bbox 707 2064 1629 2141; baseline 0.001 -19"><span class='ocrx_word' id='word_1_43' title='bbox 707 2065 904 2125; x_wconf 90' lang='lat' dir='ltr'>lierem</span> <span class='ocrx_word' id='word_1_44' title='bbox 961 2065 1020 2123; x_wconf 87' lang='lat' dir='ltr'>in</span> <span class='ocrx_word' id='word_1_45' title='bbox 1078 2064 1357 2125; x_wconf 86' lang='lat' dir='ltr'>adulterio</span> <span class='ocrx_word' id='word_1_46' title='bbox 1425 2064 1629 2141; x_wconf 88' lang='lat' dir='ltr'>depre-</span> 
     </span>
     <span class='ocr_line' id='line_1_12' title="bbox 708 2159 971 2217; baseline -0.004 0"><span class='ocrx_word' id='word_1_47' title='bbox 708 2159 971 2217; x_wconf 88' lang='lat' dir='ltr'>hensam.</span> 
     </span>
    </p>
   </div>
   <div class='ocr_carea' id='block_1_4' title="bbox 624 2814 1628 3175">
    <p class='ocr_par' dir='ltr' id='par_1_6' title="bbox 624 2814 1628 3175">
     <span class='ocr_line' id='line_1_13' title="bbox 624 2814 1627 2875; baseline 0 -1"><span class='ocrx_word' id='word_1_48' title='bbox 624 2815 853 2874; x_wconf 88' lang='lat' dir='ltr'><strong>XVIII.</strong></span> <span class='ocrx_word' id='word_1_49' title='bbox 883 2814 959 2873; x_wconf 90' lang='lat' dir='ltr'>Et</span> <span class='ocrx_word' id='word_1_50' title='bbox 978 2814 1142 2873; x_wconf 82' lang='lat' dir='ltr'>Dixit</span> <span class='ocrx_word' id='word_1_51' title='bbox 1164 2815 1253 2874; x_wconf 82' lang='lat' dir='ltr'>ihs</span> <span class='ocrx_word' id='word_1_52' title='bbox 1266 2815 1460 2875; x_wconf 91' lang='lat' dir='ltr'>Iudeis</span> <span class='ocrx_word' id='word_1_53' title='bbox 1473 2814 1627 2875; x_wconf 90' lang='lat' dir='ltr'>Cum</span> 
     </span>
     <span class='ocr_line' id='line_1_14' title="bbox 705 2908 1627 2969; baseline 0.001 -2"><span class='ocrx_word' id='word_1_54' title='bbox 705 2908 1091 2968; x_wconf 85' lang='lat' dir='ltr'>exaltaueritis</span> <span class='ocrx_word' id='word_1_55' title='bbox 1143 2908 1323 2966; x_wconf 87' lang='lat' dir='ltr'>filium</span> <span class='ocrx_word' id='word_1_56' title='bbox 1373 2910 1627 2969; x_wconf 87' lang='lat' dir='ltr'>hominis</span> 
     </span>
     <span class='ocr_line' id='line_1_15' title="bbox 705 3003 1628 3082; baseline 0.002 -21"><span class='ocrx_word' id='word_1_57' title='bbox 705 3014 844 3062; x_wconf 89' lang='lat' dir='ltr'>tunc</span> <span class='ocrx_word' id='word_1_58' title='bbox 895 3003 1271 3079; x_wconf 87' lang='lat' dir='ltr'>cognoscetis</span> <span class='ocrx_word' id='word_1_59' title='bbox 1322 3004 1459 3082; x_wconf 89' lang='lat' dir='ltr'>quia</span> <span class='ocrx_word' id='word_1_60' title='bbox 1513 3022 1628 3080; x_wconf 87' lang='lat' dir='ltr'>ego</span> 
     </span>
     <span class='ocr_line' id='line_1_16' title="bbox 704 3099 1626 3175; baseline -0.001 -19"><span class='ocrx_word' id='word_1_61' title='bbox 704 3116 831 3156; x_wconf 89' lang='lat' dir='ltr'>sum</span> <span class='ocrx_word' id='word_1_62' title='bbox 857 3108 914 3157; x_wconf 91' lang='lat' dir='ltr'>et</span> <span class='ocrx_word' id='word_1_63' title='bbox 936 3107 1069 3157; x_wconf 85' lang='lat' dir='ltr'>ante</span> <span class='ocrx_word' id='word_1_64' title='bbox 1093 3099 1333 3157; x_wconf 82' lang='lat' dir='ltr'>abraam</span> <span class='ocrx_word' id='word_1_65' title='bbox 1351 3117 1464 3175; x_wconf 89' lang='lat' dir='ltr'>ego</span> <span class='ocrx_word' id='word_1_66' title='bbox 1481 3115 1626 3156; x_wconf 90' lang='lat' dir='ltr'><strong>sum.</strong></span> 
     </span>
    </p>
   </div>
   <div class='ocr_carea' id='block_1_5' title="bbox 622 4540 1630 5507">
    <p class='ocr_par' dir='ltr' id='par_1_7' title="bbox 623 4540 1626 4670">
     <span class='ocr_line' id='line_1_17' title="bbox 692 4540 1626 4604; baseline -0.002 -14"><span class='ocrx_word' id='word_1_67' title='bbox 692 4542 806 4591; x_wconf 90' lang='lat' dir='ltr'>XV.</span> <span class='ocrx_word' id='word_1_68' title='bbox 838 4548 1094 4600; x_wconf 77' lang='lat' dir='ltr'>propter:</span> <span class='ocrx_word' id='word_1_69' title='bbox 1114 4540 1384 4592; x_wconf 84' lang='lat' dir='ltr'>seeundum</span> <span class='ocrx_word' id='word_1_70' title='bbox 1398 4540 1498 4604; x_wconf 87' lang='lat' dir='ltr'>GQ</span> <span class='ocrx_word' id='word_1_71' title='bbox 1510 4555 1626 4589; x_wconf 81' lang='lat' dir='ltr'>aur.</span> 
     </span>
     <span class='ocr_line' id='line_1_18' title="bbox 623 4608 1586 4670; baseline -0.002 -14"><span class='ocrx_word' id='word_1_72' title='bbox 623 4624 665 4657; x_wconf 87' lang='lat' dir='ltr'><strong>c.</strong></span> <span class='ocrx_word' id='word_1_73' title='bbox 731 4623 823 4656; x_wconf 84' lang='lat' dir='ltr'>om.</span> <span class='ocrx_word' id='word_1_74' title='bbox 849 4622 954 4666; x_wconf 71' lang='lat' dir='ltr'>ego</span> <span class='ocrx_word' id='word_1_75' title='bbox 977 4608 1101 4670; x_wconf 66' lang='lat' dir='ltr'><strong>ffQ.</strong></span> <span class='ocrx_word' id='word_1_76' title='bbox 1169 4610 1368 4657; x_wconf 70' lang='lat' dir='ltr'>uenire</span> <span class='ocrx_word' id='word_1_77' title='bbox 1384 4620 1418 4655; x_wconf 68' lang='lat' dir='ltr'>-f-</span> <span class='ocrx_word' id='word_1_78' title='bbox 1437 4621 1528 4655; x_wconf 82' lang='lat' dir='ltr'>uos</span> <span class='ocrx_word' id='word_1_79' title='bbox 1549 4622 1586 4654; x_wconf 91' lang='lat' dir='ltr'><strong>c.</strong></span> 
     </span>
    </p>

    <p class='ocr_par' dir='ltr' id='par_1_8' title="bbox 622 4672 1628 4867">
     <span class='ocr_line' id='line_1_19' title="bbox 689 4672 1628 4736; baseline -0.001 -15"><span class='ocrx_word' id='word_1_80' title='bbox 689 4673 830 4723; x_wconf 90' lang='lat' dir='ltr'><strong>XVI.</strong></span> <span class='ocrx_word' id='word_1_81' title='bbox 865 4689 959 4723; x_wconf 86' lang='lat' dir='ltr'>om.</span> <span class='ocrx_word' id='word_1_82' title='bbox 995 4676 1191 4722; x_wconf 59' lang='lat' dir='ltr'>ueniti:</span> <span class='ocrx_word' id='word_1_83' title='bbox 1214 4708 1225 4721; x_wconf 86' lang='lat'><strong>.</strong></span> <span class='ocrx_word' id='word_1_84' title='bbox 1262 4710 1273 4721; x_wconf 93' lang='lat'><strong>.</strong></span> <span class='ocrx_word' id='word_1_85' title='bbox 1308 4708 1320 4719; x_wconf 93' lang='lat'><strong>.</strong></span> <span class='ocrx_word' id='word_1_86' title='bbox 1350 4674 1514 4720; x_wconf 74' lang='lat' dir='ltr'>bibat</span> <span class='ocrx_word' id='word_1_87' title='bbox 1549 4672 1628 4736; x_wconf 87' lang='lat' dir='ltr'>Q;</span> 
     </span>
     <span class='ocr_line' id='line_1_20' title="bbox 622 4738 1625 4798; baseline 0.001 -11"><span class='ocrx_word' id='word_1_88' title='bbox 622 4754 716 4787; x_wconf 83' lang='lat' dir='ltr'>om.</span> <span class='ocrx_word' id='word_1_89' title='bbox 740 4741 813 4787; x_wconf 78' lang='lat' dir='ltr'>ad</span> <span class='ocrx_word' id='word_1_90' title='bbox 835 4753 924 4787; x_wconf 80' lang='lat' dir='ltr'>me</span> <span class='ocrx_word' id='word_1_91' title='bbox 949 4739 1055 4787; x_wconf 85' lang='lat' dir='ltr'>rell.</span> <span class='ocrx_word' id='word_1_92' title='bbox 1125 4741 1285 4786; x_wconf 77' lang='lat' dir='ltr'>bibat</span> <span class='ocrx_word' id='word_1_93' title='bbox 1303 4752 1335 4787; x_wconf 80' lang='lat'>÷</span> <span class='ocrx_word' id='word_1_94' title='bbox 1351 4738 1477 4786; x_wconf 80' lang='lat' dir='ltr'>sicut</span> <span class='ocrx_word' id='word_1_95' title='bbox 1510 4743 1625 4798; x_wconf 84' lang='lat' dir='ltr'><strong>(om.</strong></span> 
     </span>
     <span class='ocr_line' id='line_1_21' title="bbox 625 4802 1184 4867; baseline -0.002 -14"><span class='ocrx_word' id='word_1_96' title='bbox 625 4803 694 4867; x_wconf 82' lang='lat' dir='ltr'>Q)</span> <span class='ocrx_word' id='word_1_97' title='bbox 721 4802 957 4867; x_wconf 76' lang='lat' dir='ltr'>scriptum</span> <span class='ocrx_word' id='word_1_98' title='bbox 981 4812 1053 4852; x_wconf 80' lang='lat' dir='ltr'>est</span> <span class='ocrx_word' id='word_1_99' title='bbox 1078 4805 1184 4852; x_wconf 79' lang='lat' dir='ltr'>rell.</span> 
     </span>
    </p>

    <p class='ocr_par' dir='ltr' id='par_1_9' title="bbox 622 4867 1628 5261">
     <span class='ocr_line' id='line_1_22' title="bbox 689 4867 1624 4931; baseline 0 -14"><span class='ocrx_word' id='word_1_100' title='bbox 689 4869 858 4918; x_wconf 90' lang='lat' dir='ltr'><strong>XVII.</strong></span> <span class='ocrx_word' id='word_1_101' title='bbox 893 4885 986 4918; x_wconf 86' lang='lat' dir='ltr'>om.</span> <span class='ocrx_word' id='word_1_102' title='bbox 1011 4875 1070 4919; x_wconf 77' lang='lat' dir='ltr'>et</span> <span class='ocrx_word' id='word_1_103' title='bbox 1093 4870 1165 4918; x_wconf 86' lang='lat' dir='ltr'>ad</span> <span class='ocrx_word' id='word_1_104' title='bbox 1190 4869 1307 4918; x_wconf 79' lang='lat' dir='ltr'><strong>init.</strong></span> <span class='ocrx_word' id='word_1_105' title='bbox 1334 4867 1456 4931; x_wconf 66' lang='lat' dir='ltr'><strong>ffQ.</strong></span> <span class='ocrx_word' id='word_1_106' title='bbox 1527 4867 1624 4917; x_wconf 85' lang='lat' dir='ltr'>inc.</span> 
     </span>
     <span class='ocr_line' id='line_1_23' title="bbox 622 4934 1628 4997; baseline -0.001 -15"><span class='ocrx_word' id='word_1_107' title='bbox 622 4934 685 4984; x_wconf 87' lang='lat' dir='ltr'>de</span> <span class='ocrx_word' id='word_1_108' title='bbox 708 4934 910 4984; x_wconf 85' lang='lat' dir='ltr'>muliere</span> <span class='ocrx_word' id='word_1_109' title='bbox 934 4935 982 4983; x_wconf 90' lang='lat' dir='ltr'>in</span> <span class='ocrx_word' id='word_1_110' title='bbox 1006 4934 1255 4983; x_wconf 79' lang='lat' dir='ltr'>adulterio</span> <span class='ocrx_word' id='word_1_111' title='bbox 1271 4934 1628 4997; x_wconf 75' lang='lat' dir='ltr'>deprehensam</span> 
     </span>
     <span class='ocr_line' id='line_1_24' title="bbox 624 4999 1627 5063; baseline -0.002 -14"><span class='ocrx_word' id='word_1_112' title='bbox 624 4999 687 5049; x_wconf 92' lang='lat' dir='ltr'>G.</span> <span class='ocrx_word' id='word_1_113' title='bbox 757 4999 1007 5050; x_wconf 81' lang='lat' dir='ltr'>adducunt</span> <span class='ocrx_word' id='word_1_114' title='bbox 1050 5000 1158 5063; x_wconf 57' lang='lat' dir='ltr'>§PQ</span> <span class='ocrx_word' id='word_1_115' title='bbox 1202 5015 1318 5049; x_wconf 79' lang='lat' dir='ltr'>aur.</span> <span class='ocrx_word' id='word_1_116' title='bbox 1354 5015 1392 5048; x_wconf 90' lang='lat' dir='ltr'><strong>c.</strong></span> <span class='ocrx_word' id='word_1_117' title='bbox 1466 5012 1627 5047; x_wconf 80' lang='lat' dir='ltr'>eum:</span> 
     </span>
     <span class='ocr_line' id='line_1_25' title="bbox 624 5064 1628 5129; baseline -0.002 -15"><span class='ocrx_word' id='word_1_118' title='bbox 624 5065 779 5114; x_wconf 81' lang='lat' dir='ltr'>iesum</span> <span class='ocrx_word' id='word_1_119' title='bbox 802 5082 840 5114; x_wconf 90' lang='lat' dir='ltr'><strong>c.</strong></span> <span class='ocrx_word' id='word_1_120' title='bbox 910 5068 1233 5114; x_wconf 81' lang='lat' dir='ltr'>mulierem:</span> <span class='ocrx_word' id='word_1_121' title='bbox 1275 5070 1501 5129; x_wconf 69' lang='lat' dir='ltr'>pergunt</span> <span class='ocrx_word' id='word_1_122' title='bbox 1543 5064 1628 5113; x_wconf 89' lang='lat' dir='ltr'>de-</span> 
     </span>
     <span class='ocr_line' id='line_1_26' title="bbox 626 5131 1626 5195; baseline 0 -16"><span class='ocrx_word' id='word_1_123' title='bbox 626 5131 949 5195; x_wconf 82' lang='lat' dir='ltr'>praehensam</span> <span class='ocrx_word' id='word_1_124' title='bbox 970 5131 1023 5178; x_wconf 86' lang='lat' dir='ltr'>in</span> <span class='ocrx_word' id='word_1_125' title='bbox 1038 5131 1431 5181; x_wconf 80' lang='lat' dir='ltr'>moechationem</span> <span class='ocrx_word' id='word_1_126' title='bbox 1446 5134 1500 5177; x_wconf 84' lang='lat' dir='ltr'>ut</span> <span class='ocrx_word' id='word_1_127' title='bbox 1516 5145 1626 5179; x_wconf 84' lang='lat' dir='ltr'>eam</span> 
     </span>
     <span class='ocr_line' id='line_1_27' title="bbox 624 5196 1442 5261; baseline -0.001 -17"><span class='ocrx_word' id='word_1_128' title='bbox 624 5196 867 5245; x_wconf 82' lang='lat' dir='ltr'>iudicaret</span> <span class='ocrx_word' id='word_1_129' title='bbox 896 5197 1172 5261; x_wconf 79' lang='lat' dir='ltr'>(adiuuaret</span> <span class='ocrx_word' id='word_1_130' title='bbox 1194 5205 1238 5244; x_wconf 66' lang='grc' dir='ltr'>εἴ</span> <span class='ocrx_word' id='word_1_131' title='bbox 1265 5210 1379 5244; x_wconf 84' lang='lat' dir='ltr'>aur.</span> <span class='ocrx_word' id='word_1_132' title='bbox 1404 5212 1442 5244; x_wconf 90' lang='lat' dir='ltr'><strong>c.</strong></span> 
     </span>
    </p>

    <p class='ocr_par' dir='ltr' id='par_1_10' title="bbox 623 5261 1630 5507">
     <span class='ocr_line' id='line_1_28' title="bbox 689 5261 1629 5312; baseline 0.001 -3"><span class='ocrx_word' id='word_1_133' title='bbox 689 5261 887 5310; x_wconf 89' lang='lat' dir='ltr'><strong>XVIIL</strong></span> <span class='ocrx_word' id='word_1_134' title='bbox 922 5278 1015 5312; x_wconf 84' lang='lat' dir='ltr'>om.</span> <span class='ocrx_word' id='word_1_135' title='bbox 1049 5264 1203 5311; x_wconf 71' lang='lat' dir='ltr'>iesus</span> <span class='ocrx_word' id='word_1_136' title='bbox 1233 5262 1295 5310; x_wconf 90' lang='lat' dir='ltr'>G.</span> <span class='ocrx_word' id='word_1_137' title='bbox 1363 5276 1457 5310; x_wconf 88' lang='lat' dir='ltr'>om.</span> <span class='ocrx_word' id='word_1_138' title='bbox 1492 5267 1629 5310; x_wconf 80' lang='lat' dir='ltr'>tuno</span> 
     </span>
     <span class='ocr_line' id='line_1_29' title="bbox 626 5325 1630 5391; baseline -0.002 -15"><span class='ocrx_word' id='word_1_139' title='bbox 626 5325 674 5389; x_wconf 86' lang='lat' dir='ltr'>Q</span> <span class='ocrx_word' id='word_1_140' title='bbox 706 5343 822 5376; x_wconf 78' lang='lat' dir='ltr'>aur.</span> <span class='ocrx_word' id='word_1_141' title='bbox 859 5343 897 5374; x_wconf 87' lang='lat' dir='ltr'><strong>c.</strong></span> <span class='ocrx_word' id='word_1_142' title='bbox 967 5330 1130 5385; x_wconf 75' lang='lat' dir='ltr'>quia:</span> <span class='ocrx_word' id='word_1_143' title='bbox 1183 5328 1419 5391; x_wconf 84' lang='lat' dir='ltr'>quoniam</span> <span class='ocrx_word' id='word_1_144' title='bbox 1454 5342 1492 5376; x_wconf 89' lang='lat' dir='ltr'><strong>c.</strong></span> <span class='ocrx_word' id='word_1_145' title='bbox 1571 5333 1630 5376; x_wconf 78' lang='lat' dir='ltr'>et</span> 
     </span>
     <span class='ocr_line' id='line_1_30' title="bbox 623 5395 1629 5450; baseline 0.001 -10"><span class='ocrx_word' id='word_1_146' title='bbox 623 5407 735 5443; x_wconf 62' lang='lat' dir='ltr'>sea:</span> <span class='ocrx_word' id='word_1_147' title='bbox 770 5408 887 5442; x_wconf 83' lang='lat' dir='ltr'>nam</span> <span class='ocrx_word' id='word_1_148' title='bbox 917 5408 1030 5441; x_wconf 69' lang='lat' dir='ltr'>aar.</span> <span class='ocrx_word' id='word_1_149' title='bbox 1099 5409 1190 5441; x_wconf 82' lang='lat' dir='ltr'>om.</span> <span class='ocrx_word' id='word_1_150' title='bbox 1215 5399 1272 5442; x_wconf 79' lang='lat' dir='ltr'>et</span> <span class='ocrx_word' id='word_1_151' title='bbox 1304 5408 1349 5441; x_wconf 80' lang='lat' dir='ltr'>a.</span> <span class='ocrx_word' id='word_1_152' title='bbox 1374 5395 1492 5441; x_wconf 76' lang='lat' dir='ltr'>abr.</span> <span class='ocrx_word' id='word_1_153' title='bbox 1524 5406 1629 5450; x_wconf 71' lang='lat' dir='ltr'>ego</span> 
     </span>
     <span class='ocr_line' id='line_1_31' title="bbox 625 5472 812 5507; baseline -0.005 0"><span class='ocrx_word' id='word_1_154' title='bbox 625 5472 750 5507; x_wconf 75' lang='lat' dir='ltr'>sum</span> <span class='ocrx_word' id='word_1_155' title='bbox 776 5475 812 5506; x_wconf 86' lang='lat' dir='ltr'><strong>c.</strong></span> 
     </span>
    </p>
   </div>
   <div class='ocr_carea' id='block_1_6' title="bbox 1689 672 2793 736">
    <p class='ocr_par' dir='ltr' id='par_1_11' title="bbox 1689 672 2793 736">
     <span class='ocr_line' id='line_1_32' title="bbox 1689 672 2793 736; baseline 0.001 -3"><span class='ocrx_word' id='word_1_156' title='bbox 1689 672 2216 735; x_wconf 83' lang='lat' dir='ltr'><em>SECUNDUM</em></span> <span class='ocrx_word' id='word_1_157' title='bbox 2256 673 2793 736; x_wconf 80' lang='lat' dir='ltr'><strong>IOHANNEM.</strong></span> 
     </span>
    </p>
   </div>
   <div class='ocr_carea' id='block_1_7' title="bbox 1817 844 2713 1014">
    <p class='ocr_par' dir='ltr' id='par_1_12' title="bbox 1817 844 2713 1014">
     <span class='ocr_line' id='line_1_33' title="bbox 2062 844 2410 909; baseline -0.003 -15"><span class='ocrx_word' id='word_1_158' title='bbox 2062 845 2099 894; x_wconf 85' lang='lat' dir='ltr'><strong>J</strong></span> <span class='ocrx_word' id='word_1_159' title='bbox 2122 844 2410 909; x_wconf 78' lang='lat' dir='ltr'>(capitula).</span> 
     </span>
     <span class='ocr_line' id='line_1_34' title="bbox 1817 935 2713 1014; baseline 0.002 -21"><span class='ocrx_word' id='word_1_160' title='bbox 1817 935 2028 995; x_wconf 84' lang='lat' dir='ltr'>festum</span> <span class='ocrx_word' id='word_1_161' title='bbox 2058 947 2114 995; x_wconf 85' lang='lat' dir='ltr'>et</span> <span class='ocrx_word' id='word_1_162' title='bbox 2144 938 2268 1014; x_wconf 88' lang='lat' dir='ltr'>ipse</span> <span class='ocrx_word' id='word_1_163' title='bbox 2296 937 2439 995; x_wconf 85' lang='lat' dir='ltr'>abiit</span> <span class='ocrx_word' id='word_1_164' title='bbox 2467 937 2713 997; x_wconf 89' lang='lat' dir='ltr'><strong>occulte.</strong></span> 
     </span>
    </p>
   </div>
   <div class='ocr_carea' id='block_1_8' title="bbox 1734 1218 2737 1372">
    <p class='ocr_par' dir='ltr' id='par_1_13' title="bbox 1734 1218 2737 1372">
     <span class='ocr_line' id='line_1_35' title="bbox 1734 1218 2737 1278; baseline 0.002 -2"><span class='ocrx_word' id='word_1_165' title='bbox 1734 1218 1932 1276; x_wconf 91' lang='lat' dir='ltr'><strong>XVII.</strong></span> <span class='ocrx_word' id='word_1_166' title='bbox 1975 1218 2066 1277; x_wconf 89' lang='lat' dir='ltr'>De</span> <span class='ocrx_word' id='word_1_167' title='bbox 2112 1219 2406 1278; x_wconf 86' lang='lat' dir='ltr'>mediante</span> <span class='ocrx_word' id='word_1_168' title='bbox 2452 1219 2544 1278; x_wconf 88' lang='lat' dir='ltr'>die</span> <span class='ocrx_word' id='word_1_169' title='bbox 2587 1219 2737 1278; x_wconf 87' lang='lat' dir='ltr'>festo</span> 
     </span>
     <span class='ocr_line' id='line_1_36' title="bbox 1818 1313 2185 1372; baseline 0.003 -1"><span class='ocrx_word' id='word_1_170' title='bbox 1818 1313 2185 1372; x_wconf 90' lang='lat' dir='ltr'><strong>Iudaeorum.</strong></span> 
     </span>
    </p>
   </div>
   <div class='ocr_carea' id='block_1_9' title="bbox 1735 1501 2735 1655">
    <p class='ocr_par' dir='ltr' id='par_1_14' title="bbox 1735 1501 2735 1655">
     <span class='ocr_line' id='line_1_37' title="bbox 1735 1501 2735 1580; baseline 0.002 -20"><span class='ocrx_word' id='word_1_171' title='bbox 1735 1501 1964 1561; x_wconf 90' lang='lat' dir='ltr'><strong>XVIII.</strong></span> <span class='ocrx_word' id='word_1_172' title='bbox 2007 1502 2124 1560; x_wconf 92' lang='lat' dir='ltr'>Ubi</span> <span class='ocrx_word' id='word_1_173' title='bbox 2147 1503 2435 1562; x_wconf 86' lang='lat' dir='ltr'>clamabat</span> <span class='ocrx_word' id='word_1_174' title='bbox 2453 1502 2619 1562; x_wconf 84' lang='lat' dir='ltr'><strong>Iesus</strong></span> <span class='ocrx_word' id='word_1_175' title='bbox 2636 1502 2735 1580; x_wconf 91' lang='lat' dir='ltr'>qui</span> 
     </span>
     <span class='ocr_line' id='line_1_38' title="bbox 1815 1596 2440 1655; baseline -0.002 -1"><span class='ocrx_word' id='word_1_176' title='bbox 1815 1596 1929 1655; x_wconf 87' lang='lat' dir='ltr'>sitit</span> <span class='ocrx_word' id='word_1_177' title='bbox 1957 1597 2149 1655; x_wconf 88' lang='lat' dir='ltr'>ueniat</span> <span class='ocrx_word' id='word_1_178' title='bbox 2176 1604 2233 1655; x_wconf 89' lang='lat' dir='ltr'>et</span> <span class='ocrx_word' id='word_1_179' title='bbox 2264 1596 2440 1655; x_wconf 88' lang='lat' dir='ltr'>bibat.</span> 
     </span>
    </p>
   </div>
   <div class='ocr_carea' id='block_1_10' title="bbox 1733 2427 2733 2584">
    <p class='ocr_par' dir='ltr' id='par_1_15' title="bbox 1733 2427 2733 2584">
     <span class='ocr_line' id='line_1_39' title="bbox 1733 2427 2733 2506; baseline 0.001 -19"><span class='ocrx_word' id='word_1_180' title='bbox 1733 2427 1991 2487; x_wconf 88' lang='lat' dir='ltr'><strong>XVIIII.</strong></span> <span class='ocrx_word' id='word_1_181' title='bbox 2038 2427 2154 2487; x_wconf 92' lang='lat' dir='ltr'>Ubi</span> <span class='ocrx_word' id='word_1_182' title='bbox 2207 2428 2346 2488; x_wconf 86' lang='lat' dir='ltr'>dicit</span> <span class='ocrx_word' id='word_1_183' title='bbox 2398 2429 2474 2488; x_wconf 87' lang='lat' dir='ltr'>de</span> <span class='ocrx_word' id='word_1_184' title='bbox 2517 2430 2733 2506; x_wconf 89' lang='lat' dir='ltr'>superi·</span> 
     </span>
     <span class='ocr_line' id='line_1_40' title="bbox 1812 2522 2193 2584; baseline 0.005 -2"><span class='ocrx_word' id='word_1_185' title='bbox 1812 2522 2011 2582; x_wconf 87' lang='lat' dir='ltr'>oribus</span> <span class='ocrx_word' id='word_1_186' title='bbox 2042 2541 2193 2584; x_wconf 89' lang='lat' dir='ltr'><strong>sum.</strong></span> 
     </span>
    </p>
   </div>
   <div class='ocr_carea' id='block_1_11' title="bbox 1732 3579 2733 4017">
    <p class='ocr_par' dir='ltr' id='par_1_16' title="bbox 1732 3579 2733 4017">
     <span class='ocr_line' id='line_1_41' title="bbox 1732 3579 2733 3658; baseline -0.002 -19"><span class='ocrx_word' id='word_1_187' title='bbox 1732 3581 1876 3652; x_wconf 65' lang='lat' dir='ltr'>XX„</span> <span class='ocrx_word' id='word_1_188' title='bbox 1910 3580 2002 3640; x_wconf 88' lang='lat' dir='ltr'>De</span> <span class='ocrx_word' id='word_1_189' title='bbox 2029 3598 2102 3640; x_wconf 89' lang='lat' dir='ltr'>eo</span> <span class='ocrx_word' id='word_1_190' title='bbox 2129 3581 2229 3658; x_wconf 82' lang='lat' dir='ltr'>qui</span> <span class='ocrx_word' id='word_1_191' title='bbox 2255 3579 2390 3638; x_wconf 86' lang='lat' dir='ltr'>facit</span> <span class='ocrx_word' id='word_1_192' title='bbox 2428 3590 2733 3657; x_wconf 89' lang='lat' dir='ltr'>peecatum</span> 
     </span>
     <span class='ocr_line' id='line_1_42' title="bbox 1813 3672 2733 3750; baseline -0.003 -16"><span class='ocrx_word' id='word_1_193' title='bbox 1813 3692 2014 3734; x_wconf 82' lang='lat' dir='ltr'>seruus</span> <span class='ocrx_word' id='word_1_194' title='bbox 2041 3683 2128 3732; x_wconf 89' lang='lat' dir='ltr'>est</span> <span class='ocrx_word' id='word_1_195' title='bbox 2155 3674 2400 3750; x_wconf 87' lang='lat' dir='ltr'>peccati.</span> <span class='ocrx_word' id='word_1_196' title='bbox 2483 3672 2560 3731; x_wconf 87' lang='lat' dir='ltr'>Et</span> <span class='ocrx_word' id='word_1_197' title='bbox 2598 3673 2733 3732; x_wconf 89' lang='lat' dir='ltr'>dicit</span> 
     </span>
     <span class='ocr_line' id='line_1_43' title="bbox 1815 3766 2732 3843; baseline 0 -17"><span class='ocrx_word' id='word_1_198' title='bbox 1815 3768 2064 3827; x_wconf 89' lang='lat' dir='ltr'><strong>Iudaeos</strong></span> <span class='ocrx_word' id='word_1_199' title='bbox 2128 3766 2202 3825; x_wconf 88' lang='lat' dir='ltr'>de</span> <span class='ocrx_word' id='word_1_200' title='bbox 2269 3776 2431 3843; x_wconf 87' lang='lat' dir='ltr'>patre</span> <span class='ocrx_word' id='word_1_201' title='bbox 2497 3766 2732 3826; x_wconf 90' lang='lat' dir='ltr'>diabolo</span> 
     </span>
     <span class='ocr_line' id='line_1_44' title="bbox 1812 3861 2732 3923; baseline -0.003 -2"><span class='ocrx_word' id='word_1_202' title='bbox 1812 3882 1957 3923; x_wconf 86' lang='lat' dir='ltr'>esse.</span> <span class='ocrx_word' id='word_1_203' title='bbox 2019 3862 2099 3922; x_wconf 90' lang='lat' dir='ltr'>Et</span> <span class='ocrx_word' id='word_1_204' title='bbox 2127 3861 2330 3921; x_wconf 87' lang='lat' dir='ltr'>dicunt</span> <span class='ocrx_word' id='word_1_205' title='bbox 2356 3861 2732 3921; x_wconf 87' lang='lat' dir='ltr'>daemonium</span> 
     </span>
     <span class='ocr_line' id='line_1_45' title="bbox 1811 3957 2000 4017; baseline 0.005 -2"><span class='ocrx_word' id='word_1_206' title='bbox 1811 3957 2000 4017; x_wconf 90' lang='lat' dir='ltr'>habet.</span> 
     </span>
    </p>
   </div>
   <div class='ocr_carea' id='block_1_12' title="bbox 1731 4499 2725 4512">
    <p class='ocr_par' dir='ltr' id='par_1_17' title="bbox 1731 4499 2725 4512">
     <span class='ocr_line' id='line_1_46' title="bbox 1731 4499 2725 4512; baseline -0.009 0"><span class='ocrx_word' id='word_1_207' title='bbox 1731 4502 2130 4512; x_wconf 71' lang='lat'><strong>—--.—-.--</strong></span> <span class='ocrx_word' id='word_1_208' title='bbox 2167 4499 2725 4509; x_wconf 56' lang='lat'><strong>-..-—.-.——....—--—-—-</strong></span> 
     </span>
    </p>
   </div>
   <div class='ocr_carea' id='block_1_13' title="bbox 2967 694 3842 910">
    <p class='ocr_par' dir='ltr' id='par_1_18' title="bbox 2967 694 3842 910">
     <span class='ocr_line' id='line_1_47' title="bbox 3714 694 3842 758; baseline 0.039 -5"><span class='ocrx_word' id='word_1_209' title='bbox 3714 694 3842 758; x_wconf 89' lang='lat'>499</span> 
     </span>
     <span class='ocr_line' id='line_1_48' title="bbox 2967 845 3722 910; baseline 0 -16"><span class='ocrx_word' id='word_1_210' title='bbox 2967 846 3016 893; x_wconf 90' lang='lat' dir='ltr'>K</span> <span class='ocrx_word' id='word_1_211' title='bbox 3034 846 3188 894; x_wconf 82' lang='lat' dir='ltr'><strong>Harl.</strong></span> <span class='ocrx_word' id='word_1_212' title='bbox 3217 856 3345 910; x_wconf 77' lang='lat'><em>2790</em></span> <span class='ocrx_word' id='word_1_213' title='bbox 3364 845 3528 894; x_wconf 78' lang='lat' dir='ltr'><strong>Nunc.</strong></span> <span class='ocrx_word' id='word_1_214' title='bbox 3543 845 3722 896; x_wconf 73' lang='lat' dir='ltr'>Bamb.</span> 
     </span>
    </p>
   </div>
   <div class='ocr_carea' id='block_1_14' title="bbox 2840 1124 3843 1184">
    <p class='ocr_par' dir='ltr' id='par_1_19' title="bbox 2840 1124 3843 1184">
     <span class='ocr_line' id='line_1_49' title="bbox 2840 1124 3843 1184; baseline 0.002 -2"><span class='ocrx_word' id='word_1_215' title='bbox 2840 1124 3044 1183; x_wconf 92' lang='lat' dir='ltr'><strong>XIIII.</strong></span> <span class='ocrx_word' id='word_1_216' title='bbox 3091 1125 3209 1183; x_wconf 91' lang='lat' dir='ltr'>Ubi</span> <span class='ocrx_word' id='word_1_217' title='bbox 3248 1125 3449 1183; x_wconf 88' lang='lat' dir='ltr'>fratres</span> <span class='ocrx_word' id='word_1_218' title='bbox 3500 1125 3600 1183; x_wconf 78' lang='lat' dir='ltr'>dfii</span> <span class='ocrx_word' id='word_1_219' title='bbox 3642 1125 3843 1184; x_wconf 89' lang='lat' dir='ltr'>dicunt</span> 
     </span>
    </p>
   </div>
   <div class='ocr_carea' id='block_1_15' title="bbox 2919 1218 3842 1388">
    <p class='ocr_par' dir='ltr' id='par_1_20' title="bbox 2919 1218 3842 1388">
     <span class='ocr_line' id='line_1_50' title="bbox 2921 1218 3842 1280; baseline 0.001 -3"><span class='ocrx_word' id='word_1_220' title='bbox 2921 1221 2972 1277; x_wconf 88' lang='lat' dir='ltr'>ei</span> <span class='ocrx_word' id='word_1_221' title='bbox 2991 1218 3140 1278; x_wconf 86' lang='lat' dir='ltr'>uade</span> <span class='ocrx_word' id='word_1_222' title='bbox 3158 1220 3217 1276; x_wconf 87' lang='lat' dir='ltr'>in</span> <span class='ocrx_word' id='word_1_223' title='bbox 3237 1219 3506 1277; x_wconf 90' lang='lat' dir='ltr'>iudaeam</span> <span class='ocrx_word' id='word_1_224' title='bbox 3524 1228 3585 1278; x_wconf 87' lang='lat' dir='ltr'>ut</span> <span class='ocrx_word' id='word_1_225' title='bbox 3601 1220 3842 1280; x_wconf 88' lang='lat' dir='ltr'>uidean-</span> 
     </span>
     <span class='ocr_line' id='line_1_51' title="bbox 2919 1322 3354 1388; baseline 0.002 -20"><span class='ocrx_word' id='word_1_226' title='bbox 2919 1323 3010 1370; x_wconf 89' lang='lat' dir='ltr'>tur</span> <span class='ocrx_word' id='word_1_227' title='bbox 3036 1330 3211 1388; x_wconf 91' lang='lat' dir='ltr'>opera</span> <span class='ocrx_word' id='word_1_228' title='bbox 3238 1322 3354 1370; x_wconf 89' lang='lat' dir='ltr'>tua.</span> 
     </span>
    </p>
   </div>
   <div class='ocr_carea' id='block_1_16' title="bbox 2840 1494 3844 1741">
    <p class='ocr_par' dir='ltr' id='par_1_21' title="bbox 2840 1494 3844 1741">
     <span class='ocr_line' id='line_1_52' title="bbox 2840 1494 3844 1571; baseline 0 -18"><span class='ocrx_word' id='word_1_229' title='bbox 2840 1495 2972 1555; x_wconf 88' lang='lat' dir='ltr'><strong>XV.</strong></span> <span class='ocrx_word' id='word_1_230' title='bbox 3017 1495 3133 1554; x_wconf 92' lang='lat' dir='ltr'>Ubi</span> <span class='ocrx_word' id='word_1_231' title='bbox 3165 1495 3224 1553; x_wconf 88' lang='lat' dir='ltr'>in</span> <span class='ocrx_word' id='word_1_232' title='bbox 3252 1494 3344 1554; x_wconf 90' lang='lat' dir='ltr'>die</span> <span class='ocrx_word' id='word_1_233' title='bbox 3383 1514 3602 1571; x_wconf 85' lang='lat' dir='ltr'>magno</span> <span class='ocrx_word' id='word_1_234' title='bbox 3632 1495 3844 1555; x_wconf 84' lang='lat' dir='ltr'>festini-</span> 
     </span>
     <span class='ocr_line' id='line_1_53' title="bbox 2922 1589 3842 1666; baseline 0 -19"><span class='ocrx_word' id='word_1_235' title='bbox 2922 1589 3049 1647; x_wconf 87' lang='lat' dir='ltr'>tatis</span> <span class='ocrx_word' id='word_1_236' title='bbox 3118 1589 3410 1648; x_wconf 86' lang='lat' dir='ltr'>clamabat</span> <span class='ocrx_word' id='word_1_237' title='bbox 3473 1589 3672 1649; x_wconf 89' lang='lat' dir='ltr'>dicens</span> <span class='ocrx_word' id='word_1_238' title='bbox 3742 1589 3842 1666; x_wconf 90' lang='lat' dir='ltr'>qui</span> 
     </span>
     <span class='ocr_line' id='line_1_54' title="bbox 2921 1683 3549 1741; baseline 0.003 -2"><span class='ocrx_word' id='word_1_239' title='bbox 2921 1683 3036 1740; x_wconf 83' lang='lat' dir='ltr'>sitit</span> <span class='ocrx_word' id='word_1_240' title='bbox 3065 1683 3258 1740; x_wconf 86' lang='lat' dir='ltr'>ueniat</span> <span class='ocrx_word' id='word_1_241' title='bbox 3285 1693 3343 1740; x_wconf 88' lang='lat' dir='ltr'>et</span> <span class='ocrx_word' id='word_1_242' title='bbox 3372 1683 3549 1741; x_wconf 86' lang='lat' dir='ltr'>bibat.</span> 
     </span>
    </p>
   </div>
   <div class='ocr_carea' id='block_1_17' title="bbox 2839 1964 3843 2416">
    <p class='ocr_par' dir='ltr' id='par_1_22' title="bbox 2839 1964 3843 2134">
     <span class='ocr_line' id='line_1_55' title="bbox 2839 1964 3843 2025; baseline 0.002 -2"><span class='ocrx_word' id='word_1_243' title='bbox 2839 1964 3006 2023; x_wconf 85' lang='lat' dir='ltr'><strong>XVI.</strong></span> <span class='ocrx_word' id='word_1_244' title='bbox 3050 1964 3141 2024; x_wconf 89' lang='lat' dir='ltr'>De</span> <span class='ocrx_word' id='word_1_245' title='bbox 3182 1965 3421 2023; x_wconf 87' lang='lat' dir='ltr'>muliere</span> <span class='ocrx_word' id='word_1_246' title='bbox 3460 1966 3521 2022; x_wconf 92' lang='lat' dir='ltr'>in</span> <span class='ocrx_word' id='word_1_247' title='bbox 3558 1965 3843 2025; x_wconf 87' lang='lat' dir='ltr'>adulterio</span> 
     </span>
     <span class='ocr_line' id='line_1_56' title="bbox 2923 2057 3297 2134; baseline -0.003 -18"><span class='ocrx_word' id='word_1_248' title='bbox 2923 2057 3297 2134; x_wconf 87' lang='lat' dir='ltr'>deprehensa.</span> 
     </span>
    </p>

    <p class='ocr_par' dir='ltr' id='par_1_23' title="bbox 2839 2150 3842 2416">
     <span class='ocr_line' id='line_1_57' title="bbox 2839 2150 3841 2228; baseline -0.001 -19"><span class='ocrx_word' id='word_1_249' title='bbox 2839 2151 3038 2209; x_wconf 90' lang='lat' dir='ltr'><strong>XVII.</strong></span> <span class='ocrx_word' id='word_1_250' title='bbox 3082 2151 3201 2210; x_wconf 88' lang='lat' dir='ltr'>Ubi</span> <span class='ocrx_word' id='word_1_251' title='bbox 3239 2151 3349 2209; x_wconf 74' lang='lat' dir='ltr'>dfis</span> <span class='ocrx_word' id='word_1_252' title='bbox 3387 2150 3521 2210; x_wconf 91' lang='lat' dir='ltr'>dicit</span> <span class='ocrx_word' id='word_1_253' title='bbox 3560 2168 3672 2228; x_wconf 90' lang='lat' dir='ltr'>ego</span> <span class='ocrx_word' id='word_1_254' title='bbox 3712 2168 3841 2209; x_wconf 91' lang='lat' dir='ltr'>sum</span> 
     </span>
     <span class='ocr_line' id='line_1_58' title="bbox 2923 2245 3842 2323; baseline -0.001 -20"><span class='ocrx_word' id='word_1_255' title='bbox 2923 2247 3020 2304; x_wconf 85' lang='lat' dir='ltr'>lux</span> <span class='ocrx_word' id='word_1_256' title='bbox 3060 2245 3264 2304; x_wconf 90' lang='lat' dir='ltr'>mundi</span> <span class='ocrx_word' id='word_1_257' title='bbox 3304 2263 3418 2321; x_wconf 87' lang='lat' dir='ltr'>ego</span> <span class='ocrx_word' id='word_1_258' title='bbox 3458 2262 3591 2304; x_wconf 89' lang='lat' dir='ltr'>sum</span> <span class='ocrx_word' id='word_1_259' title='bbox 3628 2245 3842 2323; x_wconf 87' lang='lat' dir='ltr'>princi-</span> 
     </span>
     <span class='ocr_line' id='line_1_59' title="bbox 2921 2342 3101 2416; baseline 0 -17"><span class='ocrx_word' id='word_1_260' title='bbox 2921 2342 3101 2416; x_wconf 90' lang='lat' dir='ltr'>pium.</span> 
     </span>
    </p>
   </div>
   <div class='ocr_carea' id='block_1_18' title="bbox 2899 4497 3822 4666">
    <p class='ocr_par' dir='ltr' id='par_1_24' title="bbox 2899 4497 3822 4666">
     <span class='ocr_line' id='line_1_60' title="bbox 2901 4497 3502 4584; baseline -0.003 0"><span class='ocrx_word' id='word_1_261' title='bbox 2901 4497 3078 4584; x_wconf 81' lang='lat' dir='ltr'><strong>XIIII.</strong></span> <span class='ocrx_word' id='word_1_262' title='bbox 3114 4535 3313 4584; x_wconf 83' lang='lat' dir='ltr'>iudeam</span> <span class='ocrx_word' id='word_1_263' title='bbox 3337 4534 3502 4583; x_wconf 80' lang='lat' dir='ltr'><strong>Nanc.</strong></span> 
     </span>
     <span class='ocr_line' id='line_1_61' title="bbox 2899 4598 3822 4666; baseline -0.002 -16"><span class='ocrx_word' id='word_1_264' title='bbox 2899 4601 3041 4650; x_wconf 85' lang='lat' dir='ltr'><strong>XVI.</strong></span> <span class='ocrx_word' id='word_1_265' title='bbox 3074 4599 3461 4666; x_wconf 82' lang='lat' dir='ltr'>depraehensam</span> <span class='ocrx_word' id='word_1_266' title='bbox 3482 4598 3636 4648; x_wconf 80' lang='lat' dir='ltr'><strong>Harl.</strong></span> <span class='ocrx_word' id='word_1_267' title='bbox 3656 4598 3822 4648; x_wconf 78' lang='lat' dir='ltr'><strong>Nanc.</strong></span> 
     </span>
    </p>
   </div>
  </div>
 </body>
</html>
