4717 6400
806 619 914 681 viii
1313 616 1852 679 PRAEFATIO
1915 615 2108 679 CAP.
2154 616 2210 681 I.
2324 616 2459 677 DE
2521 617 2860 678 OPERIS
2914 617 3034 677 ΚΑ
3055 620 3114 677 T
3106 616 3154 678 I
3154 618 3354 680 ONE.

807 788 1212 871 praestantia
1264 787 1458 853 huius
1510 786 1616 850 uel
1662 787 1835 852 illius
1887 787 2162 851 nimium
2215 788 2494 853 fidenter
2547 789 2970 872 proferamus.
3083 789 3560 874 Prolegomena
3612 791 3810 874 igitur

808 912 1016 975 usque
1057 892 1145 956 ad
1190 890 1391 954 finem
1453 891 1685 975 operis,
1731 892 1788 955 si
1836 891 2019 956 Deus
2083 891 2386 968 uoluerit,
2432 891 2846 970 distulimus;
2908 914 3248 976 speramus
3307 894 3481 958 enim
3529 914 3650 959 nos
3693 894 3808 957 illo

807 1005 1107 1078 ternpore
1147 1015 1281 1058 non
1319 994 1534 1060 solum
1580 994 1872 1078 pleniore
1910 994 2184 1060 consilio
2223 1004 2454 1059 nostro
2484 994 2801 1073 firmatos,
2826 997 2945 1061 sed
2977 997 3178 1062 etiarn
3204 997 3483 1062 aliorum
3516 999 3807 1062 uirorum

808 1100 1157 1164 doctorum
1191 1098 1453 1182 ingenio
1489 1108 1556 1163 et
1588 1099 1936 1182 prudentia
1966 1097 2248 1175 adiut03‚
2280 1098 2490 1163 multa
2527 1109 2982 1183 perspecturos
3013 1121 3186 1182 quae
3216 1102 3347 1165 iarn
3380 1122 3499 1165 nos
3530 1101 3755 1165 latent.

895 1202 1076 1285 Quid
1118 1222 1275 1267 uero
1320 1203 1388 1265 in
1431 1201 1556 1266 hoc
1602 1223 1801 1285 opere
1846 1202 2231 1285 praestitum
2275 1201 2473 1267 fuerit
2503 1204 2730 1286 paucis
2764 1205 3011 1286 exponi
3058 1203 3380 1268 uolumus.
3474 1205 3809 1288 Imprimis

808 1326 958 1369 cum
997 1305 1357 1389 permultos
1387 1306 1648 1371 codices
1680 1306 2215 1388 inspexissemuS,
2247 1325 2493 1389 paucos
2522 1327 2802 1370 numero
2837 1306 3191 1390 selegimus
3232 1308 3363 1390 qui,
3398 1308 3501 1372 uel
3533 1310 3808 1373 diuersis

806 1430 895 1474 ex
944 1411 1173 1493 patriis
1227 1408 1334 1474 uel
1385 1409 1646 1473 diuersa
1697 1431 1786 1473 ex
1849 1410 2103 1493 origine
2152 1412 2236 1474 ad
2291 1430 2413 1475 nos
2463 1431 2578 1494 per
2629 1410 2891 1474 saecula
2939 1410 3294 1494 longinqua
3351 1412 3596 1488 traditi,
3646 1413 3806 1476 satis

805 1512 1100 1596 amplum
1155 1514 1442 1596 spatium
1495 1523 1563 1577 et
1619 1512 1745 1577 loci
1798 1522 1864 1577 et
1917 1515 2238 1597 temporis
2290 1513 2941 1596 comprehenderent,
2988 1524 3059 1578 ut
3104 1517 3517 1579 crederemus
3562 1515 3629 1578 in
3676 1536 3809 1579 uno

804 1616 1040 1680 saltem
1073 1626 1190 1681 aut
1220 1616 1429 1682 altero
1459 1625 1723 1681 textum
1762 1637 1915 1680 uere
1948 1617 2546 1700 Hieronymianum
2589 1618 2818 1683 inesse.
2908 1618 3068 1682 Non
3100 1619 3275 1682 enim
3310 1618 3806 1684 multitudinem

804 1720 1076 1784 testium
1108 1739 1230 1804 pro
1270 1720 1392 1786 hac
1431 1731 1500 1786 et
1543 1720 1657 1784 illa
1693 1720 1975 1785 lectione
2009 1721 2509 1803 quaerebamuS‚
2543 1722 2658 1784 sed
2703 1721 2922 1803 potius
2963 1721 3411 1786 diuersitatem
3450 1722 3806 1787 lectionum

805 1844 894 1889 ex
939 1825 1277 1890 codicibus
1321 1824 1433 1907 qui
1483 1824 1590 1888 uel
1641 1824 1907 1890 scholae
1958 1825 2235 1889 alicuius
2288 1824 2394 1888 uel
2439 1825 2740 1907 regioniS,
2774 1824 2829 1889 si
2876 1826 2969 1890 ita
3016 1826 3146 1891 dici
3192 1826 3418 1909 possit,
3453 1845 3805 1908 personam

805 1939 1124 2012 gererent.

897 2032 1155 2098 Horum
1198 2034 1499 2098 codicum
1539 2033 1890 2097 uarietates
1925 2053 2157 2097 omnes
2204 2032 2311 2096 uel
2348 2034 2435 2098 ad
2481 2033 2697 2115 apices
2748 2032 3109 2099 litterarum
3150 2033 3589 2098 recensuimus
3634 2042 3702 2098 et
3741 2034 3807 2097 in

806 2147 1130 2220 apparatu
1163 2147 1390 2201 nostro
1421 2137 1553 2201 sere
1594 2157 1854 2220 semper
1883 2136 2229 2211 edidimu3‚
2261 2137 2463 2201 etiarn
2505 2158 2620 2200 eos
2650 2137 2910 2201 codices
2948 2138 3357 2201 numerando
3386 2138 3500 2220 qui
3539 2136 3802 2201 lectioni
3891 2199 3899 2207 ,

806 2241 874 2304 in
903 2250 1171 2304 textum
1218 2251 1521 2324 receptae
1566 2241 1810 2315 fauent,
1847 2261 1966 2304 nec
2010 2240 2226 2303 minus
2271 2262 2386 2304 eos
2426 2241 2535 2322 qui
2580 2241 2698 2304 tali
2753 2240 3014 2305 lectioni
3060 2242 3515 2306 aduersantur.
3607 2240 3809 2305 Unde

806 2344 1028 2408 euenit
1079 2354 1153 2408 ut
1201 2353 1338 2407 tam
1391 2343 1766 2427 philologiS,
1817 2344 1932 2426 qui
1984 2342 2325 2408 historiam
2373 2342 2638 2427 linguae
2698 2343 2981 2409 Latinae
3034 2354 3543 2427 perscrutentur,
3604 2364 3806 2426 quam

807 2447 1137 2530 theologis
1167 2447 1346 2510 utilis
1382 2447 1523 2511 fieri
1554 2448 1763 2530 possit
1792 2447 1994 2511 editio
2031 2456 2276 2511 nostra.

897 2549 1102 2614 Porro
1133 2550 1201 2613 in
1231 2549 1589 2635 euangeliis
1619 2559 1910 2614 ueterem
1940 2551 2309 2615 uersionem
2343 2571 2431 2613 ex
2463 2550 2691 2615 codice
2723 2550 3038 2615 Brixiano
3068 2551 3492 2615 adiunximus
3518 2571 3668 2615 cum
3700 2549 3807 2617 hic

808 2653 972 2717 liber
1000 2653 1304 2736 proxime
1332 2655 1604 2719 accedat
1633 2656 1717 2718 ad
1751 2654 2358 2737 interpretationem
2389 2674 2589 2737 quam
2626 2653 3077 2737 Hieronymus
3100 2655 3163 2718 in
3197 2654 3557 2738 euangeliis
3588 2674 3811 2719 recen-

807 2757 1025 2821 sendis
1055 2758 1140 2822 ad
1173 2777 1409 2821 manus
1437 2757 1748 2821 habuisse
1771 2758 2137 2822 credendus
2167 2757 2270 2821 sit.
2347 2762 2363 2791 ‘
2390 2757 2629 2821 Italam
2652 2752 2666 2777 ’
2704 2759 2933 2821 dicunt
2963 2758 3283 2836 hodierni,
3306 2758 3468 2823 haec
3500 2768 3603 2822 est
3641 2758 3811 2822 Itala

806 2861 1099 2926 recensio
1129 2860 1445 2926 uersionis
1474 2861 1882 2943 antiquioriS‚
1913 2881 2085 2943 quae
2123 2861 2413 2926 recensio
2457 2871 2631 2925 teste
2661 2860 3044 2944 Augustino
3068 2858 3172 2947 (de
3199 2862 3496 2927 doctrina
3532 2859 3809 2927 Christi-

808 2985 942 3029 ana
971 2965 1035 3028 ii.
1076 2961 1181 3050 15)
1211 2975 1369 3030 ante
1403 2963 1893 3046 Hieronymum
1930 2965 2352 3030 exactissima
2382 2965 2791 3029 credebatur.

895 3068 1132 3133 Testes
1162 3069 1365 3132 etiam
1409 3066 1698 3132 Graecos
1737 3067 2126 3151 plerumque
2165 3089 2253 3132 ex
2290 3067 2774 3133 Tischendorfii
2804 3068 3094 3133 editione
3134 3077 3392 3147 octaua,
3424 3069 3538 3133 ubi
3569 3088 3812 3150 operae

809 3171 1097 3256 pretium
1143 3173 1509 3248 uidebatur,
1546 3172 1908 3249 citauimus,
1952 3180 2022 3236 et
2059 3172 2444 3255 saepissime
2487 3172 2764 3237 Latinos
2806 3182 3066 3237 ueteres
3107 3193 3387 3256 quorum
3429 3172 3651 3256 plures
3686 3172 3812 3254 ipsi

809 3277 1164 3361 separatim
1189 3277 1517 3342 edidimus
1539 3296 1628 3341 sc.
1648 3297 1757 3359 gl,
1786 3276 1832 3340 k
1860 3298 1904 3340 n
1934 3287 2038 3359 op
2066 3298 2137 3360 a2
2163 3299 2199 3341 s
2228 3287 2271 3353 t,
2303 3297 2346 3359 q
2376 3298 2436 3355 v,
2466 3279 2554 3342 de
2576 3276 2815 3360 quibus
2846 3276 3034 3361 plura
3060 3278 3300 3343 uidesis
3334 3277 3498 3342 infra
3527 3300 3592 3362 p.
3618 3277 3810 3340 xxxi.

957 3518 1124 3584 CAP.
1174 3518 1263 3582 11.
1353 3517 1458 3582 De
1497 3518 1820 3583 editorum
1864 3520 2161 3582 societate
2203 3519 2381 3581 inter
2421 3538 2489 3581 se
2530 3527 2596 3580 et
2633 3517 2714 3581 de
2757 3517 2894 3582 illis
2935 3520 3053 3601 qui
3094 3541 3208 3584 nos
3252 3520 3670 3583 adiuuerunt.

901 3680 1205 3745 RESTAT
1252 3691 1325 3745 ut
1371 3682 1457 3744 de
1501 3681 1759 3745 ratione
1800 3679 2101 3745 laborum
2148 3689 2521 3743 nostrorum
2567 3678 2737 3743 inter
2780 3700 2854 3743 se
2898 3699 3108 3763 pauca
3152 3681 3474 3744 dicamus.
3566 3679 3815 3744 Forma

811 3784 1027 3869 operis
1072 3806 1114 3849 a
1159 3784 1455 3850 Iohanne
1485 3783 1942 3849 Wordsworth
1982 3793 2140 3848 tunc
2182 3782 2501 3866 temporis
2546 3784 2612 3845 in
2655 3782 2957 3867 Collegio
2987 3782 3204 3847 Aenei
3238 3784 3401 3847 Nasi
3444 3784 3812 3849 Oxoniensi

811 3888 1047 3953 tutoris
1093 3908 1332 3952 munus
1384 3898 1755 3966 exercente,
1800 3888 1971 3952 circa
2013 3906 2258 3950 annum
2311 3884 2475 3967 1877
2522 3887 2749 3969 primis
2792 3888 2963 3951 curis
3008 3889 3340 3971 descripta
3383 3898 3503 3952 est.
3594 3887 3730 3970 Qui
3774 3909 3815 3951 a

814 3984 1159 4075 Delegatis
1189 3990 1355 4073 preli
1389 3990 1899 4056 Clarendoniani
1929 4000 2191 4054 strenue
2220 3989 2490 4054 adiutus
2508 3989 2532 4028 ¹
2564 3999 2630 4053 et
2664 3990 2806 4072 ipse
2836 3998 2904 4054 et
2935 4011 3055 4074 per
3082 3990 3249 4055 alios
3280 3992 3345 4054 in
3391 3990 3815 4055 bibliothecis

810 4106 878 4160 et
913 4094 1094 4158 domi
1136 4103 1203 4159 et
1245 4094 1400 4159 foris
1439 4095 1724 4160 uisendis
1761 4105 1829 4160 et
1870 4095 2212 4159 codicibus
2257 4095 2721 4177 manuscriptis
2762 4094 3237 4178 inuestigandis
3273 4096 3814 4177 conserendisque

813 4198 1095 4262 multum
1134 4209 1397 4282 tempus
1435 4199 1752 4277 insumsit,
1784 4209 1859 4263 ut
1899 4219 1987 4263 ex
2027 4199 2457 4281 sequentibus
2502 4218 2619 4280 per
2656 4179 2726 4263 se
2770 4197 3020 4263 clarum
3066 4199 3205 4263 erit.
3295 4198 3501 4262 Anno
3542 4200 3815 4263 demum

823 4302 986 4387 1883
1021 4302 1357 4367 Professor
1388 4303 1940 4384 interpretationis
1979 4301 2222 4366 Sacrae
2265 4301 2648 4385 Scripturae
2679 4302 3085 4367 Oxoniensis
3130 4311 3195 4366 et
3236 4302 3613 4368 Canonicus
3649 4302 3815 4366 Rof-

814 4407 1012 4470 sensis
1054 4407 1285 4485 factus,
1317 4426 1587 4469 manum
1633 4408 1915 4489 primam
1959 4406 2206 4470 notulis
2249 4407 2727 4489 componendis
2770 4416 2839 4471 et
2882 4406 3100 4471 textui
3148 4405 3220 4471 S.
3256 4406 3543 4471 Matthei
3574 4407 3816 4472 consti-

776 4579 789 4593 ,
814 4510 1066 4575 tuendo
1110 4510 1440 4594 adposuit.
1533 4509 1611 4573 In
1657 4510 1759 4574 his
1803 4509 2092 4593 primum
2136 4510 2225 4575 ab
2268 4511 2499 4575 amicis
2544 4511 2942 4592 quibusdam
2990 4510 3350 4575 iunioribus
3394 4511 3678 4584 adiutuS,
3726 4511 3817 4574 ita

955 4716 973 4748 ¹
1014 4719 1171 4773 Inter
1204 4718 1319 4773 alia
1354 4716 1518 4773 huius
1546 4717 1732 4789 operis
1764 4719 1951 4789 gratia
1982 4729 2247 4789 suscepta
2287 4719 2547 4789 Delegati
2580 4737 2616 4773 a
2649 4718 2822 4773 uidua
2855 4719 2919 4773 C.
2945 4716 3375 4785 Tischendorfii,
3409 4716 3814 4773 interueniente

817 4801 940 4856 uiro
986 4800 1332 4857 amicissimo
1378 4811 1435 4856 et
1484 4800 1861 4857 eruditissimo
1911 4803 1975 4857 C.
2020 4803 2090 4857 R.
2140 4804 2413 4873 Gregory,
2452 4803 2627 4857 libros
2675 4801 2920 4873 quinque
2967 4801 3345 4867 redemerunt,
3387 4817 3624 4872 quorum
3671 4801 3815 4856 tituli

818 4894 1128 4955 sequuntur
1146 4885 1258 4951 :—(
1266 4883 1317 4954 1)
1354 4885 1592 4941 Collatio
1628 4884 1840 4940 codicis
1874 4887 1928 4941 A
1962 4903 2093 4941 cum
2130 4888 2361 4957 uulgata
2386 4885 2742 4942 Clementina
2775 4902 2812 4940 a
2848 4884 3277 4940 Tischendorfio
3299 4885 3484 4940 facta:
3521 4900 3635 4955 quo
3669 4901 3820 4940 anno

819 4985 935 5024 non
970 4978 1226 5036 constat3
1268 4967 1348 5039 (2)
1389 4968 1627 5025 Collatio
1651 4968 1816 5025 simili
1841 4969 2015 5025 modo
2042 4970 2193 5025 facta
2216 4970 2341 5025 cod.
2372 4971 2417 5039 1,
2442 4986 2572 5025 cum
2596 4969 2927 5024 lectionibus
2951 4967 3162 5038 aliquot
3186 4968 3311 5023 cod.
3338 4969 3390 5022 T
3414 4985 3482 5023 ex
3509 4967 3821 5023 Blanchino

822 5062 885 5108 ut
911 5051 1134 5107 uidetur
1157 5051 1374 5107 haustis
1396 5072 1411 5119 3
1449 5051 1528 5122 (3)
1559 5052 1753 5108 Codex
1774 5052 1814 5106 k
1838 5052 2135 5109 Bobiensis
2158 5070 2308 5109 nunc
2333 5053 2699 5108 Taurinensis
2723 5068 2896 5107 manu
2922 5051 3098 5122 ipsius
3122 5050 3461 5121 exscriptus3
3502 5051 3582 5121 (4)
3624 5052 3765 5107 Cod.
3783 5069 3821 5122 q

822 5133 1199 5204 Frisingensis
1239 5152 1389 5190 nunc
1434 5134 1798 5192 Monacensis
1838 5136 2007 5191 simili
2050 5137 2223 5192 modo
2262 5137 2612 5206 exscriptus;
2665 5135 2745 5205 (5)
2784 5137 3124 5205 Fragmenta
3166 5134 3560 5203 Sangallensia
3601 5152 3643 5189 n
3686 5134 3817 5203 (Mt.

823 5217 988 5288 Mo),
1019 5235 1068 5286 o,
1090 5222 1156 5290 p,
1189 5236 1303 5274 una
1335 5236 1465 5274 curn
1494 5219 1617 5274 aliis
1645 5218 1994 5289 fragmentis,
2017 5220 2344 5290 plerumque
2368 5219 2554 5274 aliena
2577 5236 2748 5274 manu
2775 5218 3013 5288 scriptis.
3089 5219 3155 5272 In
3190 5217 3279 5273 his
3315 5227 3400 5273 est
3435 5218 3660 5273 collatio
3693 5219 3819 5273 cod.

824 5302 984 5357 Paris
1022 5304 1145 5357 Lat.
1175 5314 1342 5371 11955
1374 5302 1525 5370 (uide
1556 5303 1700 5357 infra
1723 5302 1973 5358 Walkeri
1998 5301 2054 5372 α)
2079 5313 2135 5359 et
2158 5303 2474 5372 fragmenta
2507 5301 2689 5357 Marci
2716 5302 2750 5356 i.
2782 5301 2918 5356 1-vi.
2944 5315 3030 5369 37,
3056 5300 3167 5356 xiii.
3193 5300 3407 5369 29-xvi.
3432 5316 3464 5355 2
3503 5301 3627 5369 (sed
3655 5306 3817 5368 mut.)

826 5385 1137 5441 secundum
1162 5385 1466 5456 uulgatarn‚
1491 5402 1618 5441 curn
1645 5385 1768 5442 aliis
1793 5386 2120 5456 fragmentis
2148 5387 2409 5456 uulgatae
2436 5386 2915 5456 sangallensibus,
2939 5386 3237 5455 praecipue
3263 5401 3391 5456 epp.
3419 5383 3795 5440 Paulinarum.

4657 614 4691 1161 4—ss
4660 384 4691 585 Λι“ᾄ-ι-.9
4677 244 4682 259 ”

4672 1232 4691 1281 Ἀ,

4659 2116 4691 2225 4,-
4659 1596 4691 2093 ,μμ-ζΑ-ιᾼ(

4683 2446 4691 2475 Α
4681 2288 4691 2353 -=-.

4612 4895 4622 4906 0

4689 5677 4690 5686 e
4669 5123 4691 5626 ess„-.-..—-'fi.-*-
4688 4993 4690 5062 *⁴
4667 4503 4691 4926 ...Λ-...δώ
4689 4393 4690 4452 ᾼᾼ
