4717 6400
1334 688 1702 751 PRAEFA
1720 687 1817 749 TI
1818 687 1872 751 0
1923 685 2099 747 UEL
2144 685 2271 745 AR
2279 686 2334 748 G
2348 683 2621 745 UMEN
2627 683 2826 743 TUM
2866 684 2999 744 MA
3019 684 3322 747 TTHEJ.
3640 700 3763 769 273

951 1518 1601 1595 PRAEFATIO
1674 1516 2198 1591 MATTHEI
2277 1517 2344 1590 E
2423 1514 2667 1590 COD.
2742 1515 3408 1591 KENANENSI
3453 1514 3612 1615 (Q).

898 1755 1028 1805 Cnm
1061 1770 1221 1804 mense
1256 1755 1412 1805 Iunio
1443 1755 1578 1804 mni
1611 1764 1874 1803 MDcccxc
1907 1752 2221 1801 Dublinium
2255 1751 2599 1812 uisitaremus‚
2628 1759 2676 1801 et
2697 1752 2965 1816 praecipue
2996 1754 3172 1802 codices
3202 1752 3419 1803 Biblicos
3440 1752 3772 1803 Bibliothecae

1094 1833 1304 1896 Collegii
1319 1834 1373 1882 S.
1407 1832 1685 1882 Trinitatis
1695 1831 1910 1896 propius
1930 1837 2288 1891 scrutaremur,
2311 1830 2506 1893 experti
2523 1845 2699 1878 nemus
2718 1828 2953 1878 editorem
2974 1830 3148 1879 codicis
3170 1830 3233 1879 K
3225 1830 3490 1879 enanensis
3515 1830 3610 1894 (Q)
3621 1836 3771 1895 prae·

1074 1910 1302 1976 sationes
1337 1910 1712 1973 euangeliorum
1735 1909 2144 1973 praetermisisse.
2235 1907 2543 1957 Addidimus
2577 1922 2688 1971 ergo
2709 1907 3093 1971 praefationum
3133 1907 3349 1956 istarum
3388 1907 3671 1958 collationes
3711 1908 3770 1956 in

1073 1988 1323 2053 fascz'culo
1355 1994 1523 2037 nostro
1554 1987 1761 2035 secundo
1795 1993 1844 2035 et
1864 1985 2189 2050 sequentibus,
2219 1985 2307 2033 sed
2333 1985 2654 2049 euangelium
2677 1985 2903 2033 Matthei
2933 1986 3037 2033 iam
3050 1985 3250 2049 publici
3280 1984 3625 2050 inrisfactum
3646 1991 3770 2033 erat.

1089 2066 1271 2130 ltaque
1291 2080 1445 2123 nunc,
1468 2063 1711 2115 occasione
1730 2064 1865 2124 data,
1890 2069 1938 2113 et
1959 2063 2149 2112 nehaec
2159 2063 2357 2127 pagina
2380 2078 2543 2111 uacua
2566 2067 2801 2122 maneret,
2810 2062 3177 2126 praefationem
3201 2062 3331 2111 hanc
3351 2064 3483 2127 typis
3504 2062 3770 2112 mandaui-

1090 2159 1218 2193 mus.
1287 2143 1540 2193 Lectiones
1572 2143 1750 2191 multis
1772 2142 1830 2190 in
1853 2142 1969 2191 locis
1990 2154 2104 2189 oum
2127 2141 2238 2189 Da>
2259 2140 2567 2201 concordant,
2595 2155 2715 2205 quos
2747 2140 2923 2190 codices
2934 2147 3066 2204 prae
3098 2139 3221 2188 aliis
3243 2140 3302 2188 in
3325 2140 3418 2188 ltac
3441 2155 3510 2199 re,
3534 2141 3774 2203 quamuis

1091 2220 1332 2270 momenti
1350 2219 1579 2280 minoris,
1602 2218 1758 2268 secuti
1778 2234 1966 2267 sumus.

770 2579 1159 2670 [INCIPIT
1206 2582 1910 2648 ARGUMENTUM
1962 2579 2511 2647 EUANGELII
2576 2579 3116 2647 SECUNDUM
3181 2581 3770 2648 MATTHEUM.

942 2802 1372 2866 MATTHEUS
1397 2822 1484 2864 ex
1517 2801 1769 2866 iudaeis
1801 2800 1969 2865 sicut
1998 2800 2252 2883 primus
2282 2800 2550 2882 ponitur
2572 2799 2639 2862 in
2670 2799 2901 2863 ordine
2930 2800 3025 2864 ita
3055 2801 3470 2884 euangelium
3504 2802 3569 2865 in
3597 2802 3777 2866 iudia

765 2903 1017 2989 primus
1051 2906 1314 2989 scripsit
1351 2906 1536 2970 cuius
1576 2906 1842 2969 uocatio
1877 2904 1964 2967 ad
2001 2904 2344 2968 dominum
2384 2924 2473 2968 ex
2509 2903 2871 2987 puplicanis
2916 2904 3176 2968 actibus
3220 2904 3341 2969 fuit
3384 2906 3666 2969 duorum
3708 2907 3774 2969 in

764 3005 1184 3086 generatione
1225 3004 1448 3068 christi
1488 3004 1810 3087 principia
1842 3022 2268 3086 praesumens
2315 3003 2507 3065 unius
2542 3004 2726 3067 cuius
2767 3003 2982 3086 prima
3023 3004 3431 3069 circumcisio
3471 3006 3536 3068 in
3583 3024 3775 3069 carne

765 3108 1032 3172 alterius
1061 3108 1248 3172 cuius
1270 3109 1632 3172 secundum
1665 3128 1777 3173 cor
1800 3106 2035 3172 electio
2064 3107 2186 3170 fuit
2219 3115 2287 3169 et
2316 3126 2405 3169 ex
2431 3107 2724 3188 utrisque
2756 3107 2822 3169 in
2854 3107 3154 3189 patribus
3178 3106 3473 3173 christus.
3526 3107 3773 3191 Sicque

764 3221 1085 3294 quaterno
1116 3213 1388 3277 denario
1418 3233 1696 3277 numero
1720 3213 2097 3276 triformiter
2126 3212 2346 3294 posito
2378 3212 2771 3294 principium
2803 3233 2843 3275 a
2868 3212 3176 3276 credendi
3210 3211 3343 3276 fide
3372 3213 3439 3275 in
3472 3211 3774 3278 lectionis

763 3327 1027 3400 tempus
1080 3317 1422 3400 porrigens
1467 3326 1536 3379 et
1590 3338 1678 3380 ex
1735 3316 2056 3380 electione
2110 3315 2176 3377 in
2235 3315 2832 3397 transmigrationis
2892 3316 3069 3379 diem
3123 3316 3409 3397 dirigens
3462 3317 3683 3399 adque
3733 3340 3776 3382 a

764 3421 1344 3504 transmigratione
1374 3440 1585 3502 usque
1622 3421 1686 3482 in
1719 3419 2036 3485 christum
2076 3418 2410 3482 desiniens
2451 3419 2793 3483 decursam
2838 3421 3166 3483 aduentus
3197 3421 3451 3484 domini
3482 3423 3775 3486 ostendit

763 3525 1261 3606 generationem
1301 3534 1374 3589 ut
1406 3535 1474 3588 et
1511 3544 1787 3588 numero
1819 3522 2226 3588 satisfaciens
2257 3531 2322 3586 et
2355 3523 2639 3605 tempori
2676 3533 2745 3587 et
2777 3544 2848 3586 se
2877 3524 3061 3605 quod
3093 3534 3264 3587 esset
3295 3525 3673 3590 ostenderet
3705 3536 3774 3591 et

763 3627 865 3690 dei
899 3628 965 3691 in
997 3648 1068 3691 se
1100 3648 1268 3711 opus
1297 3628 1759 3692 demonstrans
1789 3629 1992 3693 etiam
2026 3628 2093 3690 in
2122 3627 2225 3690 his
2257 3646 2543 3708 quorum
2583 3646 2794 3710 genus
2824 3627 3079 3709 possuit
3112 3627 3336 3692 christi
3367 3630 3701 3711 operantis
3732 3652 3773 3694 a

762 3730 1085 3814 principio
1151 3731 1611 3796 testimonium
1672 3752 1803 3795 non
1869 3741 2155 3814 negaret.
2277 3728 2575 3812 Quarum
2638 3730 2935 3793 omnium
2997 3750 3212 3793 rerum
3279 3740 3545 3815 tempus
3605 3734 3773 3798 ordo

763 3854 1076 3898 numerus
1095 3835 1442 3916 dispositio
1464 3835 1571 3899 uel
1600 3836 1770 3899 ratio
1797 3836 1982 3918 quod
2015 3832 2170 3897 fidei
2195 3833 2633 3898 necessarium
2659 3843 2757 3898 est
2784 3834 2944 3897 deus
2976 3832 3254 3900 christus
3285 3844 3386 3899 est
3409 3837 3528 3918 qui
3559 3837 3773 3901 factus

763 3947 863 4002 est
895 3958 982 4001 ex
1014 3936 1288 4001 muliere
1319 3939 1531 4002 factus
1562 3938 1683 4001 sub
1714 3938 1863 4021 lege
1892 3947 2087 4002 natus
2118 3958 2205 4001 ex
2236 3937 2490 4019 uirgine
2518 3946 2705 4019 pasus
2735 3937 2803 3999 in
2834 3957 3027 4000 carne
3056 3938 3279 4002 omnia
3309 3939 3376 4001 in
3400 3959 3591 4004 cruce
3620 3939 3773 4004 fixit

764 4041 1232 4106 ututriumfans
1267 4062 1346 4105 ea
1378 4042 1444 4104 in
1473 4043 1833 4126 semetipso
1853 4061 2200 4124 resurgens
2231 4042 2297 4103 in
2321 4061 2599 4124 corpore
2630 4050 2696 4104 et
2718 4041 2925 4122 patris
2954 4061 3193 4105 nomen
3218 4042 3282 4105 in
3314 4044 3612 4125 patribus
3633 4043 3772 4109 filio

763 4154 830 4209 et
855 4143 972 4207 filii
1003 4165 1248 4208 nomen
1280 4145 1452 4227 patri
1485 4146 1930 4209 restituereret
1963 4146 2028 4208 in
2060 4144 2208 4208 filiis
2238 4146 2380 4208 sine
2412 4145 2731 4227 principio
2762 4146 2904 4208 sine
2923 4143 3054 4208 fine
3084 4146 3436 4211 ostendens
3467 4167 3668 4211 unum
3701 4170 3772 4212 se

764 4268 912 4312 cum
950 4257 1138 4332 patre
1169 4260 1340 4313 esset
1372 4250 1527 4331 quia
1558 4269 1726 4312 unus
1757 4260 1875 4313 est.
1972 4249 2050 4312 In
2083 4269 2218 4331 quo
2251 4248 2596 4332 euangelio
2629 4257 2700 4312 ut
2738 4247 2848 4312 ille
2878 4259 2979 4312 est
3010 4249 3538 4315 desiderantibus
3571 4252 3768 4316 deum

762 4353 855 4416 sic
896 4353 1110 4442 prima
1153 4351 1256 4415 uel
1297 4354 1515 4416 media
1563 4352 1667 4416 uel
1715 4352 2003 4435 perfecta
2046 4372 2442 4435 cognoscere
2486 4363 2558 4416 ut
2593 4362 2662 4416 et
2703 4353 3119 4417 uocationem
3153 4354 3439 4437 apostoli
3487 4364 3554 4418 et
3600 4377 3769 4440 opus

765 4457 1087 4540 euangelii
1133 4464 1201 4519 et
1235 4456 1653 4521 dilectionem
1695 4458 1803 4521 dei
1836 4457 1901 4521 in
1947 4477 2141 4521 carne
2172 4456 2499 4520 nascentis
2538 4477 2656 4539 per
2692 4457 3001 4521 uniuersa
3046 4457 3345 4542 legentes
3382 4458 3768 4544 intellegant

763 4560 984 4642 adque
1014 4560 1082 4623 id
1113 4558 1179 4621 in
1212 4580 1293 4623 eo
1327 4560 1392 4622 in
1423 4581 1557 4642 quo
1587 4560 2022 4644 adpraehensi
2053 4570 2206 4625 sunt
2238 4572 2304 4625 et
2336 4560 2871 4643 adpraehendere
2914 4570 3239 4644 expetunt
3270 4573 3764 4647 recognoscant.

766 4663 981 4729 Nobis
1017 4664 1194 4727 enim
1236 4663 1364 4728 hoc
1408 4664 1472 4726 in
1504 4665 1725 4729 studio
1767 4665 2143 4748 argumenti
2172 4664 2296 4728 fuit
2328 4674 2398 4728 et
2435 4663 2634 4729 fidem
2663 4664 2876 4729 factae
2911 4666 3004 4730 rei
3042 4666 3302 4730 tradere
3336 4676 3403 4731 et
3433 4669 3770 4751 operantis

764 4769 871 4832 dei
902 4766 1410 4851 intellegendam
1442 4788 1584 4832 esse
1614 4767 1965 4852 diligenter
1995 4768 2494 4852 dispositionem
2523 4768 2987 4850 quaerentibus
3019 4791 3149 4835 non
3179 4780 3415 4836 tacere.

941 4871 1117 4935 Finit
1147 4881 1613 4954 argumentum
1645 4872 1966 4954 euangelii
1995 4874 2352 4939 secundum
2387 4868 2805 4959 mattheum]
