4717 6400
846 667 968 730 180

1354 841 1575 892 AHVY.

841 933 1071 992 XXIII.
1114 932 1208 993 De
1236 943 1458 1012 septem
1485 934 1734 1011 panibus
1760 944 1818 995 et
1845 936 2047 1013 paucis

921 1027 1212 1106 pisciculis
1247 1038 1520 1105 quattuor
1547 1027 1853 1089 hominum
1890 1028 2049 1089 milia

922 1123 1213 1181 saturauit.

839 1215 1103 1274 XXIIII.
1146 1215 1470 1275 Pharisaeis
1503 1216 1737 1292 signum
1764 1233 2048 1294 quaeren-

920 1310 1072 1368 tibus
1091 1309 1212 1368 dari
1233 1319 1406 1387 negat
1421 1319 1480 1367 et
1493 1309 1820 1369 doctrinam
1843 1328 2046 1370 eorum

918 1404 1213 1481 praecepit
1280 1404 1389 1462 sub
1463 1403 1729 1464 fermenti
1804 1405 2045 1463 nomine

920 1501 1406 1579 praecauendum.

838 1692 1031 1752 XXV.
1075 1693 1334 1754 Caecum
1373 1694 1652 1772 paulatim
1689 1704 1852 1754 curat
1889 1703 1946 1754 et
1980 1702 2046 1752 ut

918 1788 1135 1847 nemini
1163 1788 1376 1849 diceret
1401 1790 1663 1866 imperat.

838 1882 1063 1942 XXVI.
1122 1882 1621 1960 Interrogantibus
1676 1900 1853 1961 quem
1907 1899 2044 1942 eum

917 1977 1179 2036 dicerent
1215 1987 1411 2054 petrus
1451 1976 1730 2037 christum
1772 1976 1861 2036 dei
1900 1994 2043 2037 con-

916 2071 1107 2131 fitetur
1148 2081 1206 2131 et
1247 2088 1390 2130 mox
1439 2070 1580 2148 quia
1621 2071 1864 2131 domino
1909 2087 2043 2147 pas-

917 2183 1117 2224 surum
1155 2184 1219 2225 se
1253 2164 1465 2226 dicenti
1501 2164 1921 2225 contradixerit
1953 2182 2043 2223 ar-

917 2261 1128 2335 guitur.

837 2352 1094 2412 XXVII.
1146 2352 1266 2426 Qui
1315 2352 1505 2431 perdit
1552 2353 1741 2430 inquit
1785 2353 2042 2412 animam

918 2465 1086 2506 suam
1120 2457 1357 2524 propter
1382 2464 1479 2506 me
1516 2446 1737 2506 inuenit
1771 2464 1904 2505 eam
1934 2464 2042 2504 nec

917 2551 1252 2618 gustaturos
1272 2541 1560 2619 quosdam
1583 2550 1832 2600 mortem
1853 2539 2044 2599 donec

917 2633 1154 2693 uideant
1208 2651 1344 2693 eum
1399 2635 1462 2693 in
1516 2653 1701 2712 regno
1749 2635 1873 2694 eius
1928 2644 2043 2693 sta-

917 2729 1139 2805 timque
1180 2728 1616 2806 transfiguratus
1658 2727 1947 2787 inducitur
1985 2736 2044 2786 et

917 2821 1229 2881 iohannem
1285 2822 1471 2882 heliae
1518 2822 1744 2900 passuri
1795 2822 1920 2900 ipse
1969 2821 2042 2880 si-

917 2915 1074 2974 milia
1102 2934 1340 2994 passum
1370 2916 1525 2976 dicit.

835 3374 1126 3434 XXVIII.
1170 3375 1382 3435 Omnis
1410 3375 1663 3453 populus
1692 3375 1899 3435 uidens
1934 3375 2041 3435 do·

916 3469 1141 3528 minum
1217 3488 1541 3546 pauescens
1616 3487 2043 3548 occurrensque

914 3563 1124 3622 salutat
1160 3573 1219 3622 et
1250 3564 1400 3623 filius
1437 3563 1740 3624 cuiusdam
1772 3564 2042 3624 incredu-

914 3657 1135 3717 litatem
1191 3675 1356 3716 suam
1422 3658 1606 3717 iuuari
1661 3659 1952 3735 precantis
2007 3676 2044 3716 a

916 3750 1228 3811 daemonio
1257 3751 1545 3812 liberatur.

834 3843 1058 3902 XXIX.
1102 3844 1480 3904 Tradendum
1523 3864 1585 3905 se
1623 3847 2043 3923 praenuntians

917 3949 976 3998 et
996 3938 1309 4016 discipulos
1330 3939 1473 4016 quid
1501 3940 1563 3998 in
1584 3941 1680 4000 uia
1700 3950 2043 4000 tractassent

915 4033 1284 4109 interrogans
1332 4033 1505 4093 docet
1557 4035 1871 4111 primatum
1919 4053 2041 4094 non

915 4145 1043 4186 esse
1072 4126 1487 4205 quaerendum.

834 4221 1028 4280 XXX.
1073 4221 1360 4282 Uirtutem
1403 4223 1462 4281 in
1504 4222 1630 4282 eius
1674 4222 1909 4282 nomine
1953 4221 2041 4282 fa-

916 4316 1134 4375 cientes
1175 4334 1299 4375 non
1340 4316 1475 4376 sinit
1521 4316 1814 4394 prohiberi
1860 4327 1918 4377 et
1966 4317 2040 4377 de

916 4410 1241 4470 abscisione
1296 4411 1699 4470 membrorum
1754 4410 2039 4471 scandali-

915 4505 1170 4563 zantium
1199 4503 1510 4582 figuraliter
1537 4505 1727 4564 docet.

896 4714 1097 4763 XXIII.
1134 4714 1398 4792 pisciculos
1421 4714 1494 4765 H.

839 4780 1125 4894 TIXXIIII.
1161 4780 1403 4846 praecipit
1435 4781 1504 4829 H.
1575 4780 1966 4847 praecauendam
1990 4781 2040 4831 Y

918 4861 997 4894 om

897 4911 1090 4961 XXVI.
1126 4915 1248 4961 dei.
1277 4927 1370 4960 om.
1392 4912 1480 4971 H,
1518 4912 1620 4962 dici
1641 4913 1738 4962 cod.
1755 4919 1837 4977 ap.
1860 4914 2033 4964 Thom.

830 4976 1126 5027 contradicit
1149 4976 1324 5026 A¹HY
1356 4978 1408 5026 T
1398 4978 1526 5027 hom

897 5042 1117 5092 XXVII.
1142 5043 1356 5093 inueniet
1388 5043 1559 5092 Thone.
1626 5059 1731 5094 noo
1758 5050 1902 5102 gunt.
1921 5051 2034 5093 etc.:

831 5115 1036 5170 negatur
1074 5109 1318 5172 quosdam
1362 5117 1576 5158 mortem
1622 5110 1815 5159 uisuros
1861 5110 2033 5159 Thone.

829 5172 1005 5286 αᾱζη.
1031 5122 1211 5223 (ἱὶῖἰῐιπ
1241 5174 1413 5223 Thom-

949 5237 1088 5286 XIX.
1125 5240 1446 5302 pronuntians
1477 5240 1645 5289 Thom.

2131 3367 2142 3376 ”
2227 3381 2368 3442 Non
2397 3383 2540 3443 aeici
2579 3401 2751 3461 posse
2789 3382 3053 3460 spiritum

1796 669 1904 731 CA
1915 670 2255 732 PITULA
2309 671 2424 733 IN
2463 668 2641 732 EUA
2651 672 2966 736 NGELI
2970 672 3032 732 U
3036 672 3128 733 M

2352 843 2496 894 (ΖΘΤ
2518 844 2677 893 Harl.
2705 852 2850 909 2797.
3184 843 3224 893 J
3247 842 3458 906 (breues)
3482 843 3580 893 ΟΧ
3590 844 3716 894 Par.
3740 845 3859 895 Lat.
3887 845 4061 909 10438.

2233 935 2326 995 De
2393 947 2621 1014 septem
2684 936 2934 1014 panibus
3003 935 3064 994 in
3168 934 3241 994 de
3280 945 3506 1012 septem
3532 936 3783 1012 panibus
3816 937 3878 994 in
3906 947 4077 1014 quat-

2314 1041 2587 1109 quattuor
2649 1031 2809 1089 milia
2872 1029 3063 1090 homi·
3248 1039 3383 1088 tuor
3409 1029 3570 1088 milia
3600 1028 3907 1089 hominum

2314 1143 2480 1183 num.

2231 1218 2520 1279 Phariseis
2545 1219 2917 1296 querentibus
2945 1216 3062 1277 hab

2311 1330 2386 1372 eo
2431 1313 2665 1389 signum
2714 1322 2917 1372 monet
2964 1329 3061 1371 ca-

2314 1407 2433 1466 ueri
2470 1426 2506 1466 a
2547 1407 2831 1466 fermento
2868 1406 3058 1483 phari-

2312 1519 2546 1561 seorum
2603 1511 2663 1561 et
2710 1500 3059 1560 herodiano-

2311 1615 2459 1655 rum.

2229 1689 2323 1749 De
2368 1700 2544 1768 sputo
2591 1707 2770 1749 caeco
2814 1687 3058 1748 hoculos

2310 1783 2592 1861 haperuit.

2231 1876 2436 1937 Petrus
2503 1877 2811 1936 confitetur
2865 1876 3056 1953 ipsum

2310 1971 2478 2031 hesse
2505 1972 2801 2031 christum.

2228 2064 2306 2125 Et
2347 2066 2539 2126 eidem
2577 2076 2741 2142 petro
2786 2064 2923 2124 dicit
2965 2083 3057 2123 sa-

2312 2160 2520 2219 thanas
2574 2159 2684 2219 hac
2740 2168 3057 2237 negantem

2311 2273 2374 2314 se
2403 2264 2763 2330 negaturum.

2229 2347 2307 2406 Et
2342 2348 2631 2426 quosdam
2671 2365 2793 2407 non
2826 2347 3058 2407 uisuros

2312 2453 2563 2501 mortem
2633 2441 2744 2501 nisi
2812 2439 3059 2500 uiderint

2311 2553 2559 2612 regnum
2589 2535 2700 2594 dei.

3164 1238 3367 1288 monet
3421 1247 3630 1289 cauere
3694 1248 3730 1288 a
3790 1228 4077 1290 fermento

3244 1324 3681 1401 pharisaeorum

3163 1686 3235 1746 de
3257 1696 3429 1764 sputo
3452 1705 3632 1747 caeco
3660 1687 3866 1747 oculos
3893 1689 4074 1765 aperit

3160 1885 3327 1953 petro
3421 1885 3557 1953 post
3646 1875 4070 1937 confessionem

3241 1988 3411 2029 suam
3454 1970 3596 2030 dure
3636 1971 3897 2048 increpat

2229 2722 2301 2782 In
2334 2731 2535 2782 monte
2563 2740 2700 2782 cum
2729 2739 2934 2800 moyse
2962 2732 3056 2781 aet

2310 2816 2462 2876 helia
2488 2816 2875 2894 conloquitur.

2227 2909 2404 2970 Unde
2459 2910 2822 2971 descendens
2879 2911 3055 2968 inter-

2309 3014 2549 3081 rogatus
2598 3005 2671 3064 de
2716 3004 2901 3063 heliae
2950 3003 3052 3063 ad-

2309 3109 2493 3159 uentu
2520 3099 2658 3159 dicit
2697 3116 2869 3159 aeum
2907 3116 3052 3157 uen-

2308 3206 2501 3254 turum
2546 3194 2652 3255 sed
2692 3205 2751 3253 et
2790 3194 2906 3253 iam
2948 3212 3054 3252 ue-

2309 3288 2481 3349 nisse.

3156 2726 3218 2786 in
3247 2737 3450 2790 monte
3478 2726 3913 2803 transfiguratur

3156 3406 3279 3447 non
3326 3405 3501 3464 posse
3543 3392 3674 3464 ssim
3716 3389 4063 3450 inmundum

3239 3482 3347 3542 eici
3397 3481 3508 3540 nisi
3546 3501 3651 3558 per
3691 3483 3967 3543 ieiunium
4007 3494 4065 3544 et

3237 3575 3563 3635 orationem
3591 3576 3744 3635 dicit.

2305 3476 2656 3536 inmundum
2753 3477 2862 3536 nisi
2950 3495 3056 3553 per

2307 3570 2672 3630 horationem
2749 3580 2809 3630 et
2889 3570 3054 3647 geiu-

2309 3665 2488 3723 nium.

2144 3857 2339 3913 VIII.
2370 3857 2466 3913 Ut
2483 3855 2604 3925 qui
2622 3857 2776 3913 uult
2791 3856 3053 3925 primus

2306 3965 2494 4008 aesse
2575 3952 2696 4007 flat
2768 3951 3051 4007 nouissi-

2307 4059 2475 4101 mus.

3157 3856 3325 3916 VIII.
3371 3856 3778 3917 Humilitatem
3806 3859 3976 3920 docet

2224 4229 2300 4289 Et
2347 4249 2472 4290 non
2521 4249 2685 4291 aesse
2734 4231 3042 4308 prohiben-

2307 4324 2450 4384 dum
2513 4325 2613 4402 qui
2676 4326 2737 4383 in
2808 4327 3046 4386 nomine

2305 4418 2463 4478 aeius
2491 4419 2761 4479 uirtutem
2790 4420 2942 4479 facit.

2216 4521 2274 4570 et
2286 4512 2357 4572 de
2370 4512 2585 4572 calicae
2595 4532 2779 4591 aquae
2788 4513 3045 4591 frigidae.

3151 4243 3207 4293 et
3262 4252 3384 4294 non
3444 4253 3572 4295 esse
3634 4234 4059 4311 prohibendum

3232 4328 3331 4404 qui
3361 4329 3421 4387 in
3449 4329 3689 4389 nomine
3723 4329 3846 4388 eius
3877 4330 4054 4388 uirtu-

3229 4430 3347 4479 tem
3374 4421 3510 4482 facit

3149 4513 3227 4573 Et
3250 4514 3322 4574 de
3351 4515 3570 4575 calicae
3599 4533 3789 4594 aquae
3815 4515 4055 4592 frigidae

2207 4715 2325 4765 VII.
2364 4718 2430 4765 in
2455 4722 2759 4775 quattuor.
2795 4725 2875 4768 aet
2901 4720 3041 4784 quin·
3218 4703 3338 4752 VH
3375 4719 3539 4754 canen
3580 4705 3617 4754 J
3666 4705 3838 4754 lem·
3921 4706 4055 4755 caeci

2141 4796 2236 4846 que
2268 4782 2415 4846 lapsu
2449 4782 2510 4831 C.
2596 4790 2652 4838 >
2689 4783 2866 4833 oculos
2893 4800 3043 4835 caeco
3155 4769 3331 4819 Thom.
3403 4770 3599 4834 8Ῥθῐῑῑῑῒ
3625 4771 3675 4819 T
3665 4771 3794 4821 Imm
3860 4777 4053 4835 P‘ffl'um

2150 4847 2321 4895 Thom.
2400 4850 2624 4905 ipsum·
2677 4848 2821 4897 illum
2870 4849 3040 4900 Thone.
3146 4836 3257 4885 50²
3289 4836 3341 4883 T
3330 4834 3461 4884 hom
3548 4843 3604 4892 >
3641 4851 3742 4885 non
3775 4837 3869 4887 eici
3907 4852 4054 4901 posse

2141 4913 2364 4962 uiderent
2413 4913 2477 4963 Θ.
2592 4920 2647 4968 >
2699 4914 2938 4964 ieiunium
2992 4923 3043 4966 et
3146 4917 3219 4965 ξιΡ·
3252 4914 3389 4951 ¹¹¹¹m·
3418 4902 3455 4951 J
3459 4901 3509 4950 X
3542 4902 3594 4950 T
3584 4902 3712 4951 Imm

2140 4978 2418 5028 orationem
2442 4979 2615 5039 Harl„
2642 4980 2811 5028 Thom
3214 4966 3359 5015 V111.
3398 4982 3491 5015 om.
3511 4972 3698 5032 etpost
3718 4970 3858 5017 facit
3883 4967 4053 5015 Thone.

2203 5043 2349 5092 VIII.
2384 5044 2587 5094 uirtutes
2610 5045 2673 5093 Θ.
