4717 6400
2315 663 2585 728 xxxviii

1634 1322 2036 1389 Testimonia
2078 1322 2280 1405 ipsius
2324 1320 2720 1404 Hieronymi
2756 1319 2836 1385 de
2876 1330 3059 1404 opere
3099 1340 3231 1386 suo.

1099 1533 1419 1619 Epistula
1449 1532 1544 1598 ad
1565 1532 1939 1600 Damasum
1970 1555 2134 1616 quae
2158 1536 2456 1616 sequitur
2484 1531 2575 1620 (p.
2609 1531 2672 1620 1)
2702 1553 2873 1597 anno
2900 1531 3137 1597 salutis
3165 1528 3293 1617 383
3322 1530 3568 1613 scripta
3595 1539 3711 1596 est.

1096 1638 1297 1703 Anno
1327 1635 1458 1724 384
1500 1639 1765 1721 scripsit
1803 1639 1899 1702 ad
1934 1638 2330 1703 Marcellam
2376 1635 2530 1723 (Ep.
2561 1634 2780 1723 xxvii)
2816 1637 2976 1700 Post
3017 1636 3300 1720 priorem
3340 1635 3689 1719 epistolam
3717 1682 3732 1697 .
3754 1681 3770 1697 .
3795 1680 3813 1698 .
3848 1634 3935 1699 ad

925 1762 1034 1806 me
1085 1753 1361 1826 repente
1412 1741 1742 1826 perlatum
1803 1752 1906 1808 est
1963 1743 2290 1825 quosdam
2338 1740 2776 1806 homunculos
2837 1739 2999 1804 mihi
3059 1740 3356 1804 studiose
3403 1739 3763 1816 detrahere,
3821 1756 3939 1802 cur

924 1847 1280 1911 aduersum
1312 1847 1778 1911 auctoritatem
1811 1855 2124 1924 ueterum,
2157 1858 2223 1910 et
2254 1845 2460 1910 totius
2490 1846 2722 1910 mundi
2754 1845 3152 1929 opinionem,
3183 1843 3407 1925 aliqua
3443 1842 3511 1906 in
3549 1841 3937 1927 Euangeliis

924 1951 1281 2014 emendare
1324 1950 1723 2014 tentauerim
1757 1996 1807 2013 ..
1833 1997 1849 2013 .
1881 1950 1974 2014 ita
2017 1970 2404 2033 responsum
2450 1948 2758 2014 habeant.
2869 1947 3026 2011 Non
3075 1948 3244 2011 adeo
3290 1967 3397 2010 me
3441 1946 3695 2010 hebetis
3738 1947 3939 2010 fuisse

923 2053 1137 2117 cordis
1171 2099 1222 2116 ..
1245 2101 1261 2117 .
1291 2063 1366 2116 ut
1418 2053 1667 2136 aliquid
1716 2053 1802 2118 de
1857 2053 2231 2118 Dominicis
2277 2054 2499 2117 uerbis
2549 2063 2666 2117 aut
2718 2052 3178 2136 corrigendum
3226 2049 3597 2134 putauerim
3641 2059 3759 2113 aut
3805 2069 3939 2112 non

924 2156 1245 2221 diuinitus
1292 2156 1723 2240 inspiratum3
1775 2157 1894 2221 sed
1940 2155 2328 2220 Latinorum
2375 2157 2679 2222 codicum
2725 2155 3157 2220 uitiositatem
3203 2174 3377 2237 quae
3421 2174 3508 2217 ex
3552 2152 3939 2217 diuersitate

923 2259 1244 2324 librorum
1278 2261 1574 2324 omnium
1617 2260 2107 2343 comprobatur,
2137 2261 2223 2324 ad
2269 2260 2596 2325 Graecam
2634 2260 2950 2345 originem
2993 2261 3170 2324 unde
3199 2268 3267 2323 et
3299 2258 3422 2340 ipsi
3452 2257 3774 2322 translata
3805 2276 3939 2321 non

928 2363 1276 2445 denegant,
1306 2361 1596 2427 uoluisse
1626 2383 1935 2427 reuocare
1958 2411 1973 2426 .
1998 2410 2013 2425 .
2042 2411 2057 2426 .
2101 2362 2206 2427 Illi
2250 2362 2477 2445 legant
2519 2373 2626 2445 spe
2654 2362 3032 2445 gaudentes,
3072 2362 3345 2443 tempori
3381 2361 3770 2439 seruientes3
3820 2381 3941 2424 nos

927 2467 1226 2550 legamus
1255 2475 1362 2548 spe
1388 2466 1765 2548 gaudentes,
1793 2466 2080 2532 Domino
2107 2469 2463 2531 seruientes
2491 2465 2715 2553 (Rom.
2747 2467 2864 2529 xii.
2896 2484 2995 2545 11,
3025 2483 3104 2531 12
3139 2464 3257 2530 sed
3278 2464 3586 2530 clausulis
3613 2463 3939 2550 inuersis).

930 2570 1039 2633 Illi
1081 2570 1398 2634 aduersus
1440 2570 1902 2654 Presbyterum
1941 2571 2429 2636 accusationem
2468 2570 2737 2635 omnino
2782 2567 2958 2633 *non
3004 2578 3242 2654 putent
3282 2569 3764 2652 recipiendam3
3820 2590 3941 2634 nos

931 2674 1231 2755 legamus
1257 2674 1574 2737 aduersus
1595 2673 2058 2757 Presbyterum
2087 2669 2550 2739 accusationem
2581 2696 2660 2739 ne
2687 2674 3006 2756 receperis,
3029 2674 3166 2739 nisi
3180 2673 3298 2738 sub
3316 2672 3562 2737 duobus
3588 2683 3709 2736 aut
3737 2673 3946 2738 tribus

934 2776 1197 2842 testibus
1213 2799 1236 2837 .·
1264 2786 1598 2859 peccantes
1640 2787 1857 2842 autem
1899 2799 2117 2842 coram
2164 2778 2460 2842 omnibus
2500 2799 2702 2863 argue
2730 2775 2793 2863 (1
2831 2777 3003 2844 Tim.
3033 2800 3098 2842 ν.
3130 2796 3206 2861 19
3233 2776 3361 2841 ‘sed
3388 2775 3522 2841 noli
3563 2777 3850 2861 recipere
3883 2786 3950 2840 et

930 2901 1055 2944 om.
1101 2877 1370 2964 autem).
1464 2880 1607 2944 Illis
1648 2881 1909 2965 placeat
1949 2881 2310 2946 Humanus
2350 2904 2563 2947 sermo
2604 2893 2671 2947 et
2709 2883 2891 2947 omni
2926 2884 3273 2965 acceptione
3308 2881 3584 2963 dignun
3627 2903 3751 2947 nos
3789 2903 3939 2946 cum

932 2983 1200 3067 graecis,
1235 2984 1300 3048 id
1345 2993 1448 3048 est
1488 3005 1639 3049 cum
1682 2984 2039 3068 Apostolo,
2069 2987 2183 3069 qui
2225 2985 2477 3050 Graece
2517 2985 2774 3051 locutus
2813 2996 2933 3061 est,
2966 3006 3298 3050 erremus:
3345 2986 3594 3050 Fidelis
3630 3007 3840 3051 sermo
3881 2995 3951 3050 et

931 3088 1117 3151 omni
1142 3088 1490 3169 acceptione
1517 3087 1759 3169 dignus
1789 3083 1848 3171 (1
1888 3087 2064 3152 Tim.
2098 3090 2133 3154 i.
2167 3103 2262 3171 15,
2292 3091 2378 3170 cf.
2413 3090 2499 3155 iii.
2530 3091 2613 3176 1).

1106 3190 1308 3255 Anno
1338 3190 1465 3275 398
1496 3193 1761 3274 scripsit
1784 3192 1880 3257 ad
1904 3192 2257 3259 Lucinium
2286 3191 2447 3280 (Ep.
2479 3193 2646 3260 lxxi.
2670 3191 2759 3281 5).
2832 3194 3106 3261 Nouum
3131 3195 3634 3259 Testamentum
3657 3192 3947 3259 Graecae

936 3295 1199 3359 reddidi
1229 3295 1629 3359 auctoritati.
1722 3296 1824 3362 Ut
1859 3298 2034 3361 enim
2073 3308 2372 3362 ueterum
2417 3298 2737 3363 librorum
2783 3298 2949 3364 fides
2992 3301 3079 3365 de
3127 3299 3456 3364 Hebraeis
3501 3299 3948 3363 uoluminibus

938 3398 1387 3464 examinanda
1415 3409 1556 3474 est3
1599 3400 1692 3465 ita
1720 3420 2041 3464 nouorum
2078 3400 2312 3466 Graeci
2333 3403 2374 3483 †
2405 3404 2726 3468 sermonis
2757 3424 3054 3468 normam
3084 3403 3434 3468 desiderat.

1106 3500 1307 3566 Anno
1348 3519 1484 3579 404
1526 3505 1795 3586 scripsit
1832 3504 1928 3567 ad
1968 3504 2047 3569 S.
2086 3505 2539 3588 Augustinum
2584 3504 2741 3593 (Ep.
2781 3507 2939 3571 cxii.
2975 3502 3134 3594 20).
3161 3554 3180 3573 .
3215 3551 3232 3569 .
3276 3506 3332 3570 si
3376 3525 3502 3582 me,
3531 3515 3608 3570 nt
3649 3505 3832 3581 dicis,
3881 3505 3948 3569 in

935 3604 1117 3670 Noui
1145 3605 1611 3684 Testamenti‡
1645 3610 2109 3674 emendatione
2141 3610 2435 3694 suscipi3‚
2467 3612 2880 3695 exponisque
2923 3630 3189 3675 causam
3235 3630 3352 3675 cur
3389 3609 3746 3693 suscipias3
3792 3610 3949 3693 quia

940 3707 1210 3792 plurimi
1240 3708 1504 3794 linguae
1537 3708 1831 3776 Graecae
1859 3712 2182 3779 habentes
2212 3714 2572 3789 scientiam,
2608 3716 2693 3780 de
2725 3735 2875 3779 meo
2905 3714 3161 3798 possint
3190 3734 3390 3798 opere
3424 3713 3749 3778 iudicare:
3794 3733 3950 3777 ean·

939 3813 1097 3876 dem
1131 3812 1582 3897 integritatem
1630 3815 1955 3881 debueras
1984 3817 2184 3883 etiam
2219 3818 2285 3881 in
2315 3820 2527 3883 ueteri
2559 3819 2823 3882 credere
2853 3818 3302 3897 Testament0‚
3334 3818 3515 3900 quod
3561 3838 3691 3881 non
3722 3827 3952 3882 nostra

942 3914 1406 3995 confinximus,
1436 3919 1553 3982 sed
1586 3929 1661 3983 ut
1691 3922 1869 4002 apud
1902 3920 2246 3988 Hebraeos
2278 3922 2663 3999 inuenimuS,
2693 3922 2918 3986 diuina
2947 3920 3417 3986 transtulimus

1118 4019 1225 4085 De
1267 4022 1441 4086 uiris
1483 4021 1852 4088 illustribus
1876 4046 1928 4087 c.
1961 4045 2213 4090 cxxxv.
2302 4026 2578 4091 Nouum
2609 4026 3114 4091 Testamentum
3149 4023 3443 4090 Graecae
3471 4024 3625 4091 fidei
3657 4026 3953 4103 reddidi3

953 4122 1174 4190 Uetus
1205 4124 1393 4189 iuxta
1423 4125 1823 4191 Hebraicam
1854 4128 2174 4193 transtuli.

1086 4364 1116 4395 ¹⁸²
1149 4380 1281 4420 non
1303 4371 1531 4431 putent
1551 4367 1797 4438 legimus
1817 4384 1945 4423 cum
1964 4370 2074 4425 cod.
2095 4371 2299 4442 Regin.
2321 4383 2423 4442 215
2446 4377 2504 4426 et
2522 4373 2764 4428 editione
2785 4375 2971 4429 ueteri
2987 4376 3080 4445 ap.
3109 4373 3464 4431 Uallarsium
3472 4392 3509 4441 ,·
3533 4373 3606 4445 cfi
3624 4374 3674 4430 C
3653 4377 3786 4446 ypr.
3811 4374 3869 4429 T
3856 4378 3952 4430 est.

946 4446 1020 4503 iii.
1049 4448 1120 4513 76
1154 4449 1448 4504 Aduersus
1481 4449 1754 4505 maiorem
1788 4462 1927 4507 natu
1962 4452 2385 4509 accusationem
2421 4454 2537 4509 noli
2574 4456 2822 4526 recipere
2847 4475 2863 4522 3
2898 4462 2956 4511 et
2985 4470 3052 4523 77
3086 4458 3425 4512 Peccantem
3462 4474 3653 4513 coram
3689 4459 3953 4515 omnibus

950 4547 1126 4601 argue
1149 4537 1264 4599 etc„
1287 4538 1346 4587 et
1364 4534 1420 4587 A
1426 4533 1562 4589 mbr.
1589 4534 1672 4589 ad
1690 4534 1788 4589 loc.
1823 4537 2147 4592 Aduersum
2172 4538 2561 4608 presbyterum
2585 4539 3002 4595 accusationem
3027 4557 3101 4596 ne
3132 4541 3426 4611 receperis,
3457 4543 3680 4597 omissis
3708 4542 3817 4599 nisi
3847 4545 3955 4599 sub

950 4614 1175 4670 duobus
1199 4616 1290 4670 uel
1315 4615 1491 4670 tribus
1516 4617 1769 4673 testibus.

1090 4700 1125 4766 †
1169 4698 1497 4755 Uallarsius
1520 4702 1772 4756 Graecae
1798 4707 1867 4756 ut
1886 4703 2124 4758 uidetur
2140 4720 2216 4757 ex
2230 4720 2423 4759 errore
2444 4706 2863 4777 typographico.

1089 4780 1124 4849 Ι
1160 4782 1278 4836 Hic
1311 4784 1559 4837 maxime
1591 4784 1903 4839 notandum
1937 4791 2023 4840 est
2053 4788 2468 4859 Hieronymum
2504 4795 2562 4844 et
2594 4789 2779 4845 uerbis
2810 4791 2934 4844 stas
2965 4795 3023 4846 et
3054 4791 3323 4861 exemplis
3355 4790 3555 4846 allatis
3586 4793 3763 4848 totius
3794 4793 3962 4848 Noui

955 4864 1302 4920 Testamenti
1327 4867 1765 4923 emendationem
1800 4868 1913 4921 sibi
1939 4868 2250 4938 uindicare,
2275 4887 2402 4925 cum
2426 4871 2496 4926 de
2519 4873 2838 4944 Euangelio
2860 4878 3088 4928 tantum
3109 4874 3319 4929 scribat
3338 4875 3402 4929 S.
3424 4874 3794 4946 Augustinus
3817 4877 3954 4948 (Ep.

948 4948 1189 5003 Hieron.
1227 4948 1331 5004 civ.
1365 4948 1424 5020 6)
1464 4952 1480 4979 ‘
1501 4951 1745 5007 Proinde
1782 4967 1897 5005 non
1933 4969 2137 5022 paruas
2178 4955 2305 5008 Deo
2339 4954 2553 5023 gratias
2588 4955 2809 5026 agimus
2845 4957 2919 5012 de
2955 4974 3125 5028 opere
3167 4967 3280 5025 tu0,
3316 4974 3431 5029 quo
3467 4958 3844 5029 Euangelium
3884 4977 3954 5015 ex

953 5032 1175 5170 Grateplo
1211 5032 1606 5144 interpretatus
1646 5051 1724 5102 eS,
1761 5035 1896 5105 quia
1930 5052 2111 5105 paene
2148 5036 2205 5091 in
2239 5038 2500 5093 omnibus
2531 5040 2686 5094 nulla
2717 5040 2954 5097 offensio
2986 5051 3075 5096 est
3104 5058 3278 5112 quum
3305 5041 3650 5111 scripturam
3676 5044 3955 5099 Graecam

953 5131 1061 5169 con
1149 5131 1371 5170 erimus,
