4717 6400
982 702 1009 745 1
1030 702 1107 745 10
1588 684 1764 747 ΕΗΔ
1774 684 1848 747 N
1848 685 2076 746 GELJ
2082 684 2222 744 ΠΜ
2260 682 2785 746 SECUNDUM
2819 682 2954 742 ΜΔ
2969 680 3379 744 TTHEUM.
3457 675 3627 767 [XVI.
3650 691 3920 743 28-xV11.
3941 693 3990 743 8.

980 856 1092 939 qui
1124 876 1257 921 non
1288 856 1655 939 gustabunt
1687 865 1971 920 mortem
2580 854 2636 917 si
2725 854 2825 917 uis
2899 852 3218 917 faciamus
3294 851 3402 916 hic
3480 851 3607 915 tria
3683 851 3991 916 taberna·

979 960 1192 1025 donec
1237 961 1508 1024 uideant
1544 958 1752 1023 filiurn
1799 958 2091 1024 hominis
2122 959 2391 1023 uenieu-
2667 958 2817 1022 cula

1070 1072 1205 1127 tem
1242 1064 1307 1127 in
1331 1084 1533 1146 regno
1564 1084 1702 1127 suo.
2581 1062 2703 1126 tibi
2765 1081 2968 1124 unum
3029 1071 3098 1125 et
3166 1060 3336 1124 mosi
3397 1079 3603 1123 unum
3655 1069 3724 1123 et
3777 1058 3991 1122 heliae

896 1160 1131 1231 XVII.
1167 1166 1261 1229 Et
1306 1175 1457 1249 post
1499 1166 1642 1229 dies
1687 1185 1810 1229 sex
1856 1164 2169 1229 assumsit
2216 1164 2393 1229 iesus
2668 1183 2869 1229 unum

1070 1279 1332 1353 petrum
1363 1278 1433 1333 et
1463 1268 1769 1334 iacobum
1793 1277 1861 1332 et
1886 1270 2239 1334 iohannem
2266 1269 2392 1332 fra·
2536 1269 2798 1333 ⁵adhuc
2842 1289 2924 1332 eo
2969 1268 3286 1350 loquente
3332 1287 3485 1333 ecce
3530 1267 3725 1332 nubis
3772 1266 3991 1331 lucida

1070 1382 1239 1437 trem
1271 1375 1413 1439 eius
2668 1372 3095 1436 obumbrauit
3124 1391 3241 1435 eos

982 1485 1051 1540 et
1109 1468 1295 1542 ducit
1357 1479 1503 1541 illos
1565 1477 1628 1541 in
1693 1487 1992 1541 montem
2052 1479 2392 1542 excelsum
2582 1486 2651 1541 et
2680 1496 2833 1540 ecce
2865 1497 3004 1539 uox
3033 1477 3120 1540 de
3151 1477 3326 1539 nube
3358 1475 3585 1540 dicens

1069 1600 1368 1645 seorsum
2581 1579 2692 1645 hic
2722 1589 2825 1643 est
2853 1579 3028 1643 filius
3059 1600 3245 1643 meus
3275 1579 3556 1644 dilectus

940 1691 1052 1748 ²et
1081 1683 1587 1767 transfiguratus
1610 1694 1712 1751 est
1743 1695 1899 1750 ante
1929 1707 2043 1750 eos

983 1798 1051 1852 et
1081 1789 1488 1873 resplenduit
1520 1789 1718 1855 facies
1748 1790 1889 1854 eius
1918 1791 2091 1854 sicut
2120 1789 2221 1855 sol

985 1893 1382 1957 uestimenta
1413 1902 1636 1958 autem
1670 1895 1813 1958 eius
1854 1893 2031 1959 facta
2060 1905 2214 1960 sunt
2244 1895 2400 1958 alba

1074 1996 1243 2061 sicut
1275 1997 1396 2061 nix

937 2107 1054 2163 ³et
1100 2120 1253 2165 ecce
1298 2102 1612 2185 apparuit
1653 2101 1781 2165 illis
1822 2122 2042 2166 moses
2080 2111 2146 2166 et
2191 2102 2401 2166 helias

1075 2223 1225 2268 cum
1257 2226 1339 2268 eo
1369 2203 1716 2287 loquentes

941 2308 970 2347 ⁴
990 2310 1393 2391 respondens
1466 2320 1692 2374 autem
1774 2318 2000 2393 petrus
2072 2311 2247 2374 dixit
2311 2311 2399 2374 ad

1079 2431 1285 2475 lesum

988 2516 1259 2580 domine
1289 2516 1542 2582 bonum
1575 2524 1677 2582 est
1706 2538 1828 2582 nos
1858 2518 1964 2582 hic
1995 2538 2140 2583 esse

2587 1684 2653 1747 in
2683 1705 2816 1767 quo
2849 1684 3008 1748 mihi
3040 1685 3211 1749 bene
3239 1683 3608 1766 complacui

2671 1788 2891 1871 ipsum
2924 1789 3154 1852 audite

2539 1904 2567 1943 ⁶
2585 1901 2654 1956 et
2683 1892 3030 1956 audientes
3060 1891 3364 1976 discipuli
3388 1892 3770 1957 ceciderunt
3801 1890 3868 1955 in
3898 1891 3994 1954 fa-

2672 1996 2841 2060 ciem
2872 2016 3063 2059 suam

2586 2109 2655 2165 et
2685 2101 3048 2165 timuerunt
3081 2099 3277 2163 ualde

2541 2210 2567 2251 ⁷
2589 2213 2657 2267 et
2689 2204 2964 2269 accessit
2995 2204 3166 2268 iesus
3189 2213 3255 2267 et
3288 2204 3509 2288 tetigit
3532 2225 3646 2268 eos

2588 2308 2890 2390 dixitque
2920 2307 3016 2372 eis
3047 2309 3296 2390 surgite
3326 2317 3394 2371 et
3425 2308 3629 2372 nolite
3657 2308 3892 2371 timere

2543 2417 2569 2455 ⁸
2589 2412 2886 2476 leuantes
2930 2422 3156 2475 autem
3203 2412 3431 2477 oculos
3459 2433 3613 2477 suos
3658 2411 3990 2476 neminem

2674 2516 2983 2580 uiderunt
3014 2517 3138 2579 nisi
3169 2514 3383 2580 solum
3416 2516 3627 2580 iesum

985 2693 1175 2754 donec
1230 2695 1467 2755 uideant
1521 2695 1703 2755 filium
1759 2695 2013 2757 hominis
2069 2698 2402 2757 uenientem
2460 2697 2521 2755 in
2576 2712 2762 2772 regno
2818 2713 2942 2773 syo.
3117 2696 3315 2756 XVII.
3357 2695 3473 2754 ¹Et
3531 2705 3663 2772 post
3713 2694 3839 2756 dies
3888 2713 3992 2755 sex

983 2788 1270 2848 adsumsit
1311 2790 1465 2849 iesus
1506 2800 1754 2867 petrum.
1817 2801 1877 2851 et
1916 2791 2189 2852 iacobum
2231 2799 2291 2851 et
2331 2790 2649 2850 iohannem
2687 2788 2922 2849 fratrem
2959 2790 3101 2850 eius.
3159 2801 3216 2850 et
3260 2790 3423 2850 duxit
3462 2789 3590 2849 illos
3630 2790 3691 2848 in
3729 2798 3993 2848 montem

987 2882 1283 2942 excelsum
1328 2901 1615 2945 seorsum.
1661 2880 1685 2917 ²
1704 2896 1761 2944 et
1808 2885 2238 2962 transfigurauit
2283 2904 2346 2945 se
2404 2886 2466 2943 in
2509 2895 2826 2961 conspectu
2873 2902 3099 2945 eorum.
3154 2896 3213 2945 et
3261 2883 3612 2962 resplenduit
3653 2883 3832 2944 facies
3871 2883 3996 2942 eius

985 2977 1134 3036 sicut
1192 2976 1297 3036 sol.
1374 2978 1721 3037 uestimenta
1780 2989 1977 3039 autem
2036 2981 2178 3040 eius.
2268 2979 2421 3040 facta
2479 2988 2616 3039 suut
2677 2979 2809 3038 alba
2862 2980 3009 3039 sicut
3056 2979 3174 3038 nix.
3256 2979 3353 3039 ⁸et
3399 2996 3540 3038 ecce
3601 2984 3997 3056 apparuerunt

985 3072 1071 3130 eis
1117 3089 1352 3147 moyses
1410 3082 1467 3131 et
1526 3071 1726 3131 helias.
1783 3092 1918 3133 cum
1979 3092 2053 3134 eo
2111 3074 2438 3152 loquentes
2521 3072 2926 3153 ‘respondens
2984 3083 3181 3132 autem
3238 3084 3433 3150 petrus
3489 3071 3631 3131 dixit
3683 3071 3761 3130 ad
3809 3073 3994 3136 iesum

987 3165 1245 3226 domine.
1322 3166 1546 3227 bonum
1595 3176 1685 3227 est
1750 3185 1859 3229 nos
1918 3167 2012 3230 hic
2053 3187 2199 3229 esse.
2277 3169 2326 3228 si
2365 3169 2451 3230 uis
2494 3168 2772 3230 faciamus
2828 3167 2922 3227 hic
2978 3167 3087 3227 tria
3136 3167 3508 3228 tabernacula
3551 3167 3655 3227 tibi
3703 3184 3890 3226 unum
3938 3175 3996 3226 et

987 3261 1179 3337 moysi
1242 3278 1428 3319 unum
1497 3271 1555 3320 et
1624 3260 1811 3322 heliae
1875 3281 2077 3322 unum.
2162 3263 2185 3297 ⁸
2201 3263 2396 3323 adhuc
2464 3282 2539 3324 eo
2609 3263 2885 3341 loquente
2939 3280 3077 3321 ecce
3135 3263 3323 3322 nubes
3378 3262 3568 3321 lucida
3623 3261 3997 3321 obumbrauit

986 3372 1109 3414 eos.
1200 3364 1258 3413 et
1304 3373 1441 3414 ecce
1491 3374 1612 3415 uox
1661 3356 1735 3416 de
1791 3358 1945 3416 nube
1990 3357 2193 3417 dicens
2241 3357 2335 3417 hic
2386 3366 2474 3417 est
2528 3358 2681 3418 filius
2724 3374 2891 3416 meus
2929 3355 3171 3415 dilectus
3204 3357 3265 3414 in
3312 3374 3432 3432 quo
3477 3354 3616 3414 mihi
3661 3355 3809 3414 bene
3851 3372 3994 3414 con-

988 3448 1220 3527 placuit.
1278 3449 1474 3524 ipsum
1518 3449 1731 3508 audite.
1794 3451 1891 3509 ‘et
1940 3451 2240 3511 audientes
2284 3451 2546 3528 discipuli
2593 3450 2965 3512 caeciderunt
3009 3450 3070 3507 iu
3114 3447 3321 3508 faciem
3373 3467 3539 3508 suam
3582 3459 3640 3507 et
3683 3450 3997 3509 timuerunt

984 3541 1179 3602 ualde.
1238 3542 1336 3600 “et
1376 3544 1624 3603 accessit
1670 3544 1829 3604 iesus
1865 3554 1924 3602 et
1965 3545 2147 3621 tetigit
2188 3563 2293 3604 eos
2335 3544 2542 3605 dicens
2584 3544 2802 3622 surgite
2845 3554 2904 3603 et
2944 3541 3121 3603 nolite
3165 3542 3384 3602 timere.
3454 3542 3476 3575 ⁸
3497 3543 3759 3602 leuantes
3799 3553 3997 3602 autem

1053 3713 1225 3765 XVII.
1247 3726 1291 3764 1.
1324 3720 1384 3764 et
1399 3726 1437 3764 -1-
1451 3715 1635 3766 factum
1651 3722 1726 3767 est
1741 3716 1928 3781 ELQR
1945 3732 2059 3766 cum
2083 3715 2392 3780 quenro

988 3798 1037 3843 et
1069 3798 1186 3842 uett.
1217 3793 1294 3857 pl.
1337 3792 1459 3856 (non
1482 3793 1615 3859 sq).
1682 3810 1813 3846 aex:
1848 3806 1942 3843 Νι·
1969 3795 2050 3845 W.
2122 3798 2392 3845 assumsit

989 3869 1265 3932 BFHMX,
1299 3870 1539 3922 adsumsit
1579 3871 1991 3936 ALOQRTVD,
2022 3873 2300 3938 adsumpsit
2333 3873 2393 3922 ΞΡ

2597 3717 2778 3766 faciam
2802 3715 3078 3767 §Pmow
3099 3732 3212 3765 cum
3233 3716 3428 3780 graecis
3458 3716 3621 3772 RBC*
3642 3724 3690 3766 et
3710 3715 3835 3782 bffi.
3903 3731 3996 3765 om.

2597 3797 2693 3844 luo
2715 3811 2804 3844 sec.
2820 3792 3004 3855 JRv(
3019 3807 3056 3844 4-
3072 3792 3149 3858 2⁴)
3170 3810 3283 3843 cum
3312 3793 3434 3858 ²5²*
3444 3809 3525 3858 gr.
3543 3793 3666 3860 etffi
3682 3809 3754 3859 ξι.
3822 3800 3929 3842 trea
3946 3792 3999 3842 K

2595 3870 2849 3922 LM'RW.
2919 3871 3238 3922 taueruacula
3268 3872 3333 3922 Ο.
3404 3879 3460 3929 >
3481 3888 3633 3921 unum
3656 3872 3746 3922 tibi
3771 3870 3834 3935 Q.
3900 3886 3995 3921 om.

989 3948 1214 4008 mov,
1228 3950 1496 4013 assumpsit
1516 3948 1846 4005 EKM'WS‘S
1866 3952 2055 4011 (omnes
2069 3958 2242 4001 contra
2257 3957 2390 4000 auct.

982 4040 1216 4091 graecam
1240 4024 1658 4090 παραλαμβάνει).
1692 4028 1908 4078 adsumit
1931 4028 1973 4078 C
1986 4029 2037 4077 T
2030 4028 2164 4089 isch„
2186 4029 2393 4079 assumit

990 4102 1156 4169 VQQI
1170 4110 1218 4153 et
1237 4120 1336 4154 cor.
1353 4110 1458 4153 καί.
1481 4105 1590 4169 (sed
1600 4122 1760 4170 marg.
1780 4105 2069 4170 assumpsit)
2091 4122 2104 4166 ς
2140 4120 2394 4156 assumens

990 4182 1207 4233 Hieron.
1260 4182 1541 4245 Perfectum
1560 4184 1769 4233 uidetur
1780 4200 1845 4234 ex
1857 4186 1975 4234 Luc.
1997 4185 2062 4234 ix.
2085 4184 2393 4249 28fluxisse,

990 4261 1181 4325 legitur
1214 4261 1351 4310 enim
1391 4260 1450 4310 in
1490 4261 1740 4311 ueteribus
1781 4278 1817 4311 a
1837 4262 1866 4310 b
1886 4279 1912 4311 c
1931 4278 1957 4312 e
1961 4263 2013 4328 s
2007 4262 2094 4329 ffi
2108 4295 2126 4322 2
2140 4278 2196 4328 ga
2219 4279 2251 4327 q
2287 4269 2393 4323 etc„

990 4338 1143 4389 etiem
1183 4337 1399 4403 suscepit
1435 4337 1483 4386 d.
1552 4338 1783 4389 ioannem
1821 4337 1942 4394 SQIC.
2010 4343 2201 4391 ducit:
2253 4340 2395 4390 duxit

993 4414 1263 4480 QR⁰(dixit
1287 4412 1485 4480 Ito-55
1507 4415 1569 4481 ef.
1593 4431 1688 4466 cor.
1714 4423 1820 4466 καί.
1844 4420 1859 4443 ‘
1872 4418 1931 4465 in
1952 4417 2147 4467 ecclesia
2169 4432 2395 4482 assump-

992 4492 1058 4543 sit
1081 4531 1095 4544 .
1120 4530 1134 4544 .
1162 4528 1174 4541 .
1196 4492 1369 4543 duxit?
1435 4496 1598 4543 mos:
1632 4509 1720 4544 eos
1742 4495 1817 4556 E;
1851 4494 1953 4545 illis
1986 4494 2070 4546 M:
2138 4495 2395 4545 sehorsum

1062 4663 1105 4698 2.
1141 4649 1328 4716 Deficit
1350 4649 1392 4698 B
1413 4665 1568 4714 usque
1587 4648 1834 4715 adfinem
1865 4666 2043 4701 uersus
2069 4665 2145 4714 13.
2213 4657 2393 4702 traus-

992 4731 1268 4786 figuratus
1289 4744 1302 4777 ε
1371 4726 1733 4792 praefiguratus
1790 4729 1870 4778 W.
1958 4727 2109 4779 hante
2172 4730 2232 4781 C.
2319 4745 2395 4779 re-

992 4806 1274 4871 splendeuit
1319 4806 1381 4861 R.
1426 4805 1752 4870 resplendidit
1796 4808 1859 4870 Q.
1948 4815 2116 4859 mut:
2172 4824 2263 4859 sun
2307 4808 2391 4858 Μ’.

993 4887 1154 4934 alba:
1179 4899 1275 4933 om.
1299 4882 1375 4933 R*
1391 4882 1414 4949 (
1428 4897 1464 4934 4·
1479 4884 1613 4949 R·⁸⁸)
1638 4900 1652 4944 ;
1674 4884 1888 4934 candida
1910 4885 2040 4937 3³⁸⁰.
2086 4889 2237 4936 siout
2257 4888 2393 4935 nix:

994 4962 1133 5012 uelut
1153 4962 1241 5011 uix
1264 4961 1323 5013 E.

969 5049 972 5053 ’
1063 5053 1108 5101 3.
1145 5056 1239 5090 om.
1264 5054 1393 5090 eooo
1417 5040 1480 5089 R.
1548 5040 1747 5106 aparuit
1770 5040 1845 5099 L;
1877 5047 2210 5106 apparuerunt
2231 5043 2267 5091 J
2274 5041 2396 5090 ΚΜ·

994 5117 1062 5167 W
1084 5133 1163 5183 vg.
1230 5120 1386 5169 mis:
1421 5119 1495 5169 eis
1522 5117 1917 5169 KMORVX*Z.
1985 5135 2171 5171 mosea
2194 5120 2332 5170 ACF
2336 5120 2393 5168 M

995 5196 1165 5245 XYZ:
1200 5211 1397 5261 moyses
1420 5196 1990 5247 EHeJKLMOva
2004 5212 2102 5262 vg„
2122 5197 2302 5247 moises
2318 5197 2394 5258 ΞΡ,

996 5273 1188 5322 moises
1208 5273 1272 5322 T.
1341 5274 1513 5339 helyas
1534 5274 1616 5335 W,
1639 5273 1807 5324 heleas
1831 5275 1889 5337 L,
1921 5275 2046 5324 elias
2067 5274 2114 5323 T
2133 5290 2212 5340 vg.
2280 5290 2394 5324 cum

997 5349 1092 5399 illo
1116 5350 1178 5400 R.

1067 5443 1114 5490 4.
1151 5427 1340 5478 ihesum
1364 5428 1424 5478 C.
1478 5444 1571 5479 om.
1597 5433 1707 5479 diie
1724 5430 1780 5478 M
1799 5446 1913 5480 cum
1930 5445 1955 5480 s
1971 5430 2121 5480 scr-iv.
2137 5436 2186 5479 et
2197 5446 2297 5494 syr.
2314 5446 2393 5480 cu.

1000 5521 1138 5556 noa:
1172 5504 1317 5556 uobis
1340 5506 1771 5572 EZPHQLO'QR.
1838 5508 1940 5560 hiie
1963 5508 2021 5558 E.
2088 5511 2390 5560 Mamm:

2597 3956 2657 4000 et
2691 3951 2851 4015 prim.
2898 3948 3214 3999 Howa¹2
3282 3953 3428 4000 mosi
3467 3950 3792 4000 AFMXYZ:
3838 3946 4012 4014 moysi’

2598 4027 3218 4078 CEHOJKLM'ORVW
3251 4043 3345 4091 vg„
3403 4029 3552 4078 moisi
3607 4029 3679 4088 ΞΡ,
3738 4027 3890 4077 molsi
3934 4027 3996 4076 T.

2599 4104 2729 4155 helie
2753 4105 2882 4162 Cw,
2906 4104 3002 4155 elie
3025 4104 3087 4164 T,
3109 4104 3236 4155 eliae
3257 4121 3337 4170 vg.

2666 4195 2712 4246 5.
2759 4195 2797 4234 «ι-
2824 4190 2875 4231 et
2927 4182 3001 4231 ad
3051 4182 3170 4233 init.
3226 4183 3283 4232 J.
3350 4181 3501 4232 athuc
3557 4183 3691 4244 X0Y,
3749 4183 3880 4232 adue
3933 4181 3997 4231 T.

2597 4264 2869 4319 loquente
2896 4272 2932 4309 -l-
2963 4266 3013 4309 et
3059 4258 3122 4309 Θ.
3189 4263 3360 4309 nubis
3416 4258 3964 4325 AwFHMOQTxY

2599 4338 2755 4388 nubes
2769 4338 2851 4388 Θῦ
2859 4336 3139 4386 KM'VWZ
3151 4353 3249 4402 vg„
3267 4338 3398 4387 nubs
3414 4337 3728 4388 CEEPWLR.
3784 4338 3999 4387 hobum·

2601 4417 2763 4466 brauit
2785 4416 2849 4477 C,
2873 4415 3193 4466 obumbrabit
3215 4415 3261 4464 T
3281 4431 3294 4474 ς
3328 4416 3630 4466 inumbrauit
3652 4416 3697 4465 L
3716 4433 3750 4465 a
3772 4416 3801 4464 b
3821 4433 3847 4466 e
3852 4415 3924 4482 β;
3945 4431 3999 4465 n.

2596 4511 2691 4546 om.
2737 4508 2867 4545 eooo
2920 4509 3009 4544 sec.
3066 4492 3141 4543 R*
3168 4492 3409 4560 (÷R·ff¹=).
3494 4510 3588 4544 uos
3636 4494 3704 4544 Z*
3730 4494 3855 4559 (uox
3896 4493 3998 4559 2¹).

2597 4590 2693 4624 om.
2717 4578 2807 4622 est
2830 4571 2900 4622 Z*
2926 4571 3071 4635 (corr.
3097 4570 3196 4635 Z').
3261 4589 3354 4623 om.
3378 4575 3525 4622 bene
3553 4572 3614 4623 L.
3682 4575 3997 4630 complacui

2602 4650 2683 4717 (tf.
2714 4649 2768 4699 ὃν
2794 4647 2837 4712 ᾧ
2868 4649 3108 4712 εὐδόκησα
3141 4651 3231 4699 uel
3258 4649 3528 4713 ηὐδόκησα)
3555 4667 3669 4701 cum
3693 4651 3760 4700 W
3782 4650 3997 4701 Hieran.

2596 4745 2694 4794 vg„
2728 4743 2762 4777 a
2784 4728 2812 4776 b
2832 4727 2938 4794 ιβ’,
2975 4728 3054 4792 (de
3085 4727 3443 4793 orthographia
3482 4728 3542 4794 cf.
3579 4729 3703 4778 Luc.
3737 4728 3819 4778 xii
3855 4742 3916 4791 3²
3951 4734 4000 4777 et

2599 4807 2745 4872 infra
2778 4805 3128 4870 complacuit),
3159 4813 3207 4855 et
3232 4805 3496 4871 conplacui
3521 4806 3657 4856 EEPJ
3666 4805 4000 4870 KLM'O‘QR

2598 4885 2687 4934 VZ
2707 4901 2835 4934 corr.
2860 4891 2967 4934 τιατ.
2991 4883 3032 4931 d
3042 4882 3116 4949 β;
3137 4890 3214 4949 g?
3235 4884 3281 4943 δ,
3303 4883 3366 4948 ef.
3391 4884 3519 4934 sensi
3540 4899 3600 4944 e;
3631 4885 3800 4950 confer
3821 4884 3890 4934 iii.
3919 4893 3997 4947 17,

2598 4962 2691 5011 ubi
2719 4961 2850 5011 codd.
2876 4961 2993 5026 stre
3024 4977 3189 5010 omnes
3218 4967 3485 5026 personam
3516 4962 3746 5027 primam
3785 4961 3997 5011 habent:

2598 5040 2902 5104 complacuit
2934 5039 3340 5089 ACFHQMXY
3361 5045 3410 5088 et
3440 5039 3606 5104 conpl.
3641 5039 3771 5090 0⁴¹‘r
3787 5038 3927 5104 [ἔμ’
3947 5054 3996 5103 q,

2598 5117 2789 5184 placuit
2811 5134 2862 5166 m
2896 5117 2957 5182 ‘z'fi
2983 5117 3107 5168 Luc.
3130 5117 3207 5168 iii.
3232 5131 3290 5167 22
3327 5118 3379 5166 in
3414 5125 3464 5166 te
3497 5117 3801 5182 complacuit
3834 5117 3975 5167 mihi.

2665 5194 2714 5245 6.
2747 5202 2807 5245 et
2835 5208 2870 5244 4-
2897 5210 3014 5246 ecce
3050 5194 3158 5259 LQ.
3224 5194 3463 5246 caecider.
3508 5194 3570 5257 C,
3614 5194 3811 5245 cieider.
3854 5193 3996 5246 LR*.

2599 5273 2780 5323 faciam
2806 5273 2914 5323 LR.
3503 5292 3512 5303 ·

2671 5362 2714 5416 7.
2749 5366 2880 5402 eoa:
2916 5351 3034 5400 illos
3064 5353 3132 5401 X.
3198 5353 3489 5409 dixitque:
3525 5357 3576 5401 et
3607 5350 3736 5402 dixit
3769 5350 3830 5415 Q.
3898 5367 3998 5401 sur·

2599 5437 2714 5495 gete
2736 5430 2799 5479 O.
2863 5444 2957 5478 om.
2981 5434 3041 5478 et
3063 5434 3176 5478 tm.
3200 5427 3585 5479 CJKMTVX*
3601 5430 3622 5494 (
3639 5443 3674 5479 4-
3691 5426 3802 5492 X0).

2670 5507 2717 5557 8.
2751 5506 2963 5557 hoeulos
2984 5506 3044 5557 C.
3113 5505 3348 5557 aederunt
3370 5506 3427 5556 L.
