4717 6400
1064 880 1276 945 DSPGQ
1297 896 1415 930 aur.
1437 897 1480 930 c.

770 971 843 1031 V.
918 972 1060 1032 Iecit
1131 974 1205 1033 de
1276 972 1499 1050 templo
1562 989 1770 1048 omnes

850 1066 1192 1127 Uendentes
1220 1068 1292 1125 n‘l'
1309 1079 1369 1127 et
1396 1068 1536 1126 dixit
1562 1067 1771 1126 domus

851 1180 983 1220 mea
1026 1163 1237 1222 domus
1279 1162 1557 1222 orationis
1595 1180 1769 1221 uoca-

850 1257 1018 1315 bitur.

769 1443 874 1501 VI.
920 1443 1040 1517 Qui
1068 1462 1190 1503 non
1229 1454 1464 1504 renatus
1492 1444 1658 1503 fuerit
1697 1443 1770 1502 de

851 1554 1010 1596 nouo
1053 1557 1172 1597 non
1224 1547 1416 1616 potest
1460 1539 1668 1597 intrare
1709 1539 1769 1596 in

851 1650 1096 1708 regnum
1125 1632 1197 1689 di.

769 2006 908 2065 VII.
951 2006 1069 2066 Ubi
1098 2006 1375 2066 babtitzat
1407 2006 1499 2066 ihs
1531 2017 1589 2067 et
1626 2008 1769 2066 dixit

849 2101 1118 2162 iohannis
1156 2101 1451 2179 discipulis
1489 2120 1603 2178 ego
1646 2120 1769 2160 non

852 2213 980 2254 sum
1012 2199 1142 2270 xps.

770 2662 938 2723 VIII.
983 2665 1100 2724 Ubi
1139 2665 1376 2725 secessit
1413 2665 1502 2723 ihs
1540 2683 1575 2724 a
1603 2665 1771 2724 iudea

851 2770 908 2818 et
934 2760 1094 2819 uenit
1120 2762 1179 2818 in
1208 2760 1531 2817 samariam.

774 2945 972 3005 VIIII.
1014 2947 1107 3005 De
1142 2947 1383 3006 muliere
1421 2947 1769 3006 samaritana

849 3042 1008 3100 iuxta
1035 3051 1273 3118 puteum
1304 3040 1374 3099 n'l‘
1392 3051 1449 3100 et
1477 3041 1769 3118 discipulis

850 3136 967 3195 suis
1009 3136 1154 3194 dixit
1195 3136 1311 3194 Alii
1361 3135 1768 3195 laborauerunt

850 3240 907 3288 et
967 3248 1075 3289 uos
1140 3231 1202 3288 in
1267 3230 1496 3288 labores
1563 3247 1767 3289 eorum

850 3324 1144 3382 introistis.

769 3416 842 3475 X.
886 3416 1097 3477 Omnis
1126 3415 1352 3494 profeta
1381 3416 1504 3475 sine
1545 3415 1769 3476 honore

850 3513 907 3569 in
939 3511 1122 3588 patria
1153 3530 1271 3570 sua.

772 3604 886 3664 Ubi
917 3606 1096 3664 filium
1128 3605 1310 3682 reguli
1341 3604 1581 3663 sanauit.

770 3886 872 3945 XI.
923 3886 992 3944 In
1021 3888 1248 3964 porticu
1278 3887 1607 3945 salamonis.
1674 3886 1770 3944 Ad

836 4117 898 4166 V.
938 4131 972 4166 -t-
989 4125 1038 4167 et
1054 4118 1125 4165 ad
1143 4117 1259 4166 init.
1277 4117 1384 4166 rell.
1441 4120 1577 4166 lecit
1593 4129 1629 4165 -ι-
1645 4117 1773 4165 iesus

769 4183 876 4232 rell.
932 4199 1024 4232 om.
1045 4186 1115 4231 de
1130 4186 1342 4240 templo
1356 4182 1419 4231 G.
1466 4198 1560 4232 om.
1578 4197 1772 4232 omnes

767 4264 884 4297 aur.
920 4249 1046 4297 dixit
1061 4248 1240 4296 domus
1254 4247 1492 4297 orationis
1506 4255 1578 4297 est
1593 4247 1772 4298 domus

771 4314 941 4377 (>do.
966 4322 1040 4364 est
1065 4313 1134 4374 G)
1161 4314 1317 4379 patris
1339 4314 1438 4363 mei
1463 4314 1571 4363 rell.

835 4379 925 4427 VI.
974 4379 1113 4429 ÷ubi
1153 4379 1274 4428 dicit
1313 4379 1386 4427 ad
1413 4379 1531 4428 init.
1567 4379 1631 4427 G.
1699 4382 1770 4428 de

769 4459 948 4494 nouo:
992 4461 1086 4494 om.
1123 4445 1187 4494 G.
1207 4460 1353 4504 —aur;
1411 4459 1524 4493 ÷ex
1557 4460 1689 4509 aqua
1720 4452 1771 4493 et

768 4509 945 4574 spiritu
989 4517 1162 4559 sancto
1205 4510 1313 4559 rell.
1352 4509 1466 4572 (om.
1500 4517 1673 4559 sancto
1705 4515 1768 4559 c).

767 4581 954 4634 potest
976 4579 1217 4624 Intrare:
1255 4575 1457 4624 intrabit
1488 4576 1595 4624 rell.
1665 4581 1767 4638 cap.

771 4641 842 4689 VI
859 4647 970 4706 post
990 4647 1093 4704 cap.
1119 4641 1221 4690 VII
1234 4641 1385 4705 ponit
1409 4641 1472 4690 G.

837 4705 951 4754 VII.
988 4706 1307 4769 baptizabant
1324 4705 1559 4755 iohannes
1575 4713 1624 4756 et
1643 4707 1770 4756 iesus

767 4787 883 4821 aur.
958 4779 1114 4826 >non
1139 4787 1248 4821 sum
1272 4787 1368 4834 ego
1389 4787 1504 4821 aur.
1529 4787 1569 4822 c.

834 4836 983 4887 VIII.
1019 4840 1152 4886 ubi:
1188 4844 1236 4886 et
1259 4852 1374 4885 aur.

835 4902 1011 4952 VIIII.
1048 4903 1146 4950 inc.
1181 4903 1355 4952 sedens
1389 4917 1535 4966 super
1569 4910 1768 4966 puteum

771 4969 986 5028 (4iesus
1024 4983 1139 5016 aur.
1173 4970 1217 5027 c)
1267 4967 1524 5017 mulierem
1567 4968 1770 5016 samari-

769 5041 938 5082 tanam
1025 5032 1085 5081 tit
1107 5033 1272 5083 bibere
1295 5034 1404 5082 rell.
1447 5032 1626 5088 >dicit
1648 5033 1769 5083 disc.

769 5098 868 5147 suis
890 5100 948 5146 ΞΡ
1018 5114 1135 5147 aur.
1158 5115 1182 5147 c
1206 5103 1319 5160 (om.
1345 5100 1447 5148 s'nis
1467 5115 1585 5148 aur.
1608 5099 1671 5161 c).
1709 5102 1771 5147 In

765 5167 987 5214 labores
1038 5179 1233 5213 eorum
1275 5180 1368 5214 om.
1416 5165 1478 5214 G.
1549 5164 1769 5214 laborem

768 5229 874 5292 SPQ
939 5245 1056 5278 aur.
1147 5245 1371 5279 eorum:
1436 5230 1654 5294 ipsorum
1724 5231 1771 5293 Q

769 5309 881 5343 aur.
905 5311 944 5344 c.

834 5360 898 5408 X.
949 5375 983 5409 «ι-
1001 5368 1048 5410 et
1071 5360 1191 5409 dicit
1213 5362 1284 5409 ad
1300 5361 1418 5409 init.
1444 5361 1506 5410 G.
1557 5363 1769 5410 honore

783 5435 906 5476 *est
929 5427 1037 5475 rell.
1096 5441 1225 5475 sua:
1261 5434 1334 5476 est
1357 5427 1418 5489 Q.
1445 5429 1609 5491 ‚ubi:
1646 5433 1693 5475 et
1721 5426 1768 5474 G

770 5506 881 5541 aur.
906 5507 944 5541 c.
1013 5494 1224 5549 reguli:
1262 5492 1389 5556 regis
1412 5507 1448 5539 c.

1826 707 2353 770 SECUNDUM
2387 709 2612 770 IOHA
2621 710 2921 773 NNEM.

2201 880 2235 927 J
2261 877 2548 944 (capitula).

1874 969 2018 1029 IIII.
2057 969 2175 1029 Ubi
2191 972 2323 1030 eicit
2340 972 2414 1031 de
2430 973 2650 1051 templo
2669 992 2875 1034 omnes

1953 1064 2275 1124 uendentes
2303 1075 2362 1124 et
2390 1078 2653 1129 ementes
2691 1079 2749 1128 et
2775 1087 2875 1128 aes

1953 1158 2173 1217 effudit.

1873 1439 1947 1496 V.
2007 1439 2126 1499 Ubi
2179 1439 2544 1502 Nicodemus
2593 1442 2752 1502 uenit
2799 1442 2876 1502 ad

1955 1533 2150 1593 Iesum
2169 1545 2225 1594 et
2244 1535 2383 1595 dicit
2398 1536 2451 1594 ei
2469 1535 2635 1596 Iesus
2652 1536 2876 1595 renasci

1956 1628 2275 1688 hominem.

1874 1720 1980 1781 VI.
2024 1720 2115 1781 De
2138 1740 2212 1781 eo
2235 1721 2396 1799 quod
2419 1741 2595 1783 nemo
2616 1724 2877 1783 ascendit

1954 1815 2014 1873 in
2059 1815 2305 1875 caelum.
2387 1815 2464 1874 Et
2521 1817 2593 1875 de
2643 1835 2718 1876 eo
2775 1818 2875 1893 qui

1952 1909 2133 1969 credit
2172 1919 2230 1968 et
2269 1928 2391 1970 non
2433 1910 2726 1970 credente.

1871 2095 2011 2154 VII.
2071 2095 2188 2154 Ubi
2243 2095 2543 2156 Iohannes
2605 2098 2875 2175 baptizat.

1952 2188 2029 2247 Et
2057 2189 2128 2248 de
2157 2189 2576 2266 purificatione.
2659 2192 2738 2251 Et
2778 2194 2877 2251 ubi

1951 2283 2348 2343 testimonium
2413 2284 2548 2344 dicit
2609 2285 2680 2345 de
2743 2287 2876 2346 Iesu

1953 2379 2089 2453 quia
2119 2377 2191 2436 de
2220 2376 2385 2437 caelo
2416 2381 2592 2439 uenit.

1873 2657 2042 2716 VIII.
2083 2656 2199 2717 Ubi
2220 2660 2385 2741 Iesus
2408 2659 2662 2737 baptizat
2683 2671 2741 2720 et
2762 2661 2877 2721 dis-

1955 2753 2129 2830 cipuli
2160 2755 2301 2813 eius.

1871 2938 1949 2998 Et
1976 2940 2048 2999 de
2077 2941 2317 3001 muliere
2345 2943 2715 3003 samaritana.

3842 722 3970 790 495

3096 883 3148 933 K
3166 885 3321 934 Harl.
3351 894 3478 948 2790
3495 884 3660 933 Nunc.
3679 883 3859 933 Bamb.

2978 975 3050 1034 V.
3094 976 3213 1035 Ubi
3256 977 3574 1036 uendentes
3616 988 3675 1035 et
3716 987 3976 1036 ementes

3059 1071 3278 1149 templo
3317 1071 3476 1148 pellit
3503 1090 3572 1130 ac
3599 1070 3739 1130 dicit
3772 1071 3974 1130 soluite

3057 1165 3358 1242 ternplum.

2977 1447 3081 1506 VI.
3123 1447 3217 1507 De
3235 1447 3553 1507 nichodimi
3571 1449 3972 1507 conuersione.

2981 2094 3117 2155 VII.
3160 2094 3277 2154 Ubi
3300 2095 3597 2156 Iohannes
3627 2097 3880 2173 baptizat
3908 2112 3977 2154 ac

3062 2190 3198 2249 dicit
3228 2207 3349 2249 non
3378 2208 3507 2250 sum
3538 2208 3652 2265 ego
3680 2194 3808 2266 Χῇε.

2980 2943 3148 3001 VIII.
3192 2942 3281 3001 De
3311 2943 3545 3002 muliere
3574 2942 3940 3002 samaritana.

1872 3406 2073 3467 VIIII.
2122 3408 2237 3467 Ubi
2269 3408 2409 3469 dicit
2429 3410 2567 3487 quia
2589 3410 2877 3489 propheta
2979 3415 3180 3475 VIIII.
3226 3416 3343 3475 Ubi
3395 3418 3506 3475 dfis
3548 3417 3685 3477 dicit
3726 3414 3979 3492 prophe-

1953 3503 2014 3559 in
2056 3503 2239 3578 patria
2274 3521 2381 3561 sua
2421 3503 2708 3563 honorem
2754 3523 2877 3563 non

1955 3595 2146 3654 habet.

1874 3690 1952 3749 Et
1982 3692 2054 3749 de
2083 3690 2203 3750 filio
2232 3691 2430 3767 reguli.

1875 3878 1949 3936 X.
1993 3877 2086 3938 De
2116 3879 2338 3956 piscina
2361 3880 2681 3954 natatoria3
2725 3880 2877 3940 etde

3062 3521 3181 3569 tam
3239 3511 3361 3570 sine
3410 3511 3633 3571 honore
3682 3510 3978 3586 filiumque

3060 3604 3238 3680 reguli
3266 3605 3467 3664 saluat.

2981 3886 3056 3943 X.
3098 3884 3189 3944 De
3227 3885 3527 3945 bethsaida
3568 3885 3790 3962 piscina
3825 3884 3979 3943 infir-

3046 4124 3109 4175 V.
3142 4134 3453 4189 ementesque
3474 4125 3631 4174 Harl.
3659 4126 3820 4174 Nunc.

3046 4190 3137 4242 VI.
3163 4190 3400 4240 nicodimi
3424 4192 3587 4240 Nanc.
3607 4190 3786 4239 Bamb.

3045 4256 3109 4306 X.
3147 4257 3337 4306 betzeta
3358 4256 3515 4307 Harl.
