4717 6400
974 704 1103 767 490
1466 685 1648 746 PRA
1664 686 1836 746 EFA
1857 687 1956 746 Τ]
1956 686 2008 745 Ο
2061 686 2235 746 UEL
2281 687 2335 746 Α
2346 686 2410 745 R
2418 687 2476 748 G
2487 687 2632 747 UM
2626 686 2764 748 EN
2767 687 2971 747 TUM
3006 688 3232 747 IOHA
3242 688 3429 749 NNI
3424 689 3477 749 S
3478 736 3493 752 .

1124 1104 1713 1179 PROLOGUS
1788 1103 2395 1177 SECUNDUS
2472 1103 2627 1177 EX
2710 1103 3128 1178 CODICE
3206 1103 3847 1180 TOLETANO.

1148 1379 1303 1428 Hunc
1325 1379 1588 1442 prologum
1625 1378 1684 1426 in
1717 1378 1871 1427 codice
1902 1376 1948 1424 T
1974 1384 2085 1442 post
2107 1377 2474 1443 praqfationem
2511 1376 2614 1427 Hic
2646 1383 2721 1426 est
2756 1376 3003 1427 Iohannes
3035 1383 3120 1426 etc.
3145 1376 3367 1440 positum
3403 1377 3571 1426 nostri
3594 1379 3772 1441 gratia

1752 1459 2102 1523 benignissime
2132 1460 2396 1524 exsm'psit
2426 1459 2620 1508 amicus
2638 1460 2792 1525 suan
2827 1461 2888 1509 F.
2921 1460 2979 1507 de
3014 1460 3198 1508 Riaffo.

1324 1786 1621 1877 INQRT
1670 1797 1939 1871 P3L0G¹³⁵

1506 1919 1740 1984 scos

1055 2130 1381 2194 Ihoannes
1413 2130 1753 2212 apostolus

1051 2254 1249 2315 quem
1281 2235 1406 2297 dfis
1437 2233 1541 2298 ihs
1570 2234 1820 2299 amauit

1053 2338 1341 2421 plurimu
1378 2339 1776 2402 nouissimus

1052 2443 1345 2506 omnium
1379 2443 1637 2507 scribsit
1668 2442 1793 2508 hoc
1826 2463 2017 2507 euam

1051 2546 1296 2629 gelium
1330 2546 1821 2627 postulantibus

1052 2652 1188 2757 asie
1218 2651 1544 2757 episcopis
1573 2652 1879 2715 aduersus

1051 2764 1374 2825 cerintum
1401 2809 1415 2824 .
1442 2750 1650 2844 aliosd'l
1680 2762 2003 2826 hereticos

1052 2875 1119 2930 et
1151 2867 1447 2929 maxime
1477 2873 1632 2929 tunc
1667 2913 1680 2928 .
1715 2866 1911 2930 eboni

1051 2988 1269 3041 tarum
1299 2978 1547 3059 dogma
1579 2965 1935 3059 consurges

1051 3081 1162 3164 qui
1194 3091 1493 3145 asserunt
1524 3080 1804 3146 stultitie

1051 3207 1169 3251 sue
1199 3184 1563 3269 prauitate:
1611 3186 1701 3249 sic
1734 3186 1909 3251 enim

1050 3290 1280 3353 bonite
1314 3289 1738 3374 appellantur

1053 3393 1219 3476 xpni
1251 3379 1538 3476 antequa
1568 3396 1654 3458 de
1686 3394 1891 3459 maria

1053 3505 1428 3562 nasceretur
1463 3518 1594 3561 non
1632 3499 1828 3562 fuisse

1055 3621 1175 3664 nec
1207 3610 1437 3664 natum
1472 3609 1627 3664 ante
1658 3601 1798 3665 scl'a

1051 3705 1135 3768 de
1166 3692 1254 3768 do
1286 3715 1512 3788 patre:

968 3808 1170 3873 Unde
1200 3818 1267 3873 et
1298 3829 1458 3890 qum
1490 3808 1844 3893 conpulsus
1876 3820 1976 3874 est

1051 3896 1276 3978 diuina
1308 3913 1447 3977 eius
1477 3935 1516 3978 a
1548 3922 1735 3997 patre
1766 3935 1851 3977 na

1051 4016 1384 4080 tiuitatem
1414 4017 1666 4082 dicere:

970 4119 1105 4185 Sed
1140 4128 1206 4183 et
1240 4119 1438 4184 aliam
1473 4141 1738 4186 causam

1052 4226 1405 4289 conscribti
1437 4226 1630 4290 huius
1659 4210 1934 4310 euagelii

1054 4334 1342 4401 sererunt
1373 4339 1530 4419 quia
1560 4323 1691 4421 quii
1726 4338 1888 4422 legis

1051 4450 1153 4504 set
1185 4441 1464 4505 matthei
1496 4442 1744 4506 marchi

1052 4554 1120 4609 et
1150 4542 1297 4609 luce
1329 4593 1343 4607 .
1376 4547 1460 4609 de
1491 4545 1834 4629 euangelio

1051 4647 1390 4712 uolumina
1420 4650 1798 4731 probaberit

1053 4753 1321 4834 quidem
1346 4740 1543 4817 textu
1576 4754 1801 4818 istorie

1053 4866 1121 4921 et
1152 4877 1306 4921 uera
1342 4877 1456 4921 eos
1488 4857 1737 4922 dixisse
1768 4857 1955 4923 firma

1053 4958 1224 5023 berit
1257 5004 1272 5021 .
1304 4962 1419 5024 sed
1453 4962 1644 5024 unius
1673 4946 1863 5026 tantu

1051 5065 1201 5129 anni
1236 5065 1301 5127 in
1332 5085 1468 5147 quo
1497 5075 1563 5129 et
1595 5086 1827 5149 passus
1858 5074 1958 5130 est

1052 5178 1204 5253 post
1234 5189 1557 5234 carcerem
1596 5169 1905 5233 Iohannis

2668 2116 2870 2193 storia
2902 2129 3198 2192 texuisse
3231 2177 3244 2191 .
3277 2139 3492 2210 preter

2666 2232 2905 2295 misso:
2952 2219 3091 2314 ita<²1
3121 2252 3297 2295 anno
3327 2232 3512 2295 cuius

2663 2347 2817 2401 acta
2846 2358 2886 2400 a
2915 2325 3046 2399 trib
3078 2337 3387 2417 exposita
3418 2316 3611 2402 fuerit

2662 2441 3018 2523 superioris
3048 2442 3367 2522 temporis
3397 2426 3507 2506 ate

2662 2565 2864 2626 quam
2903 2544 3228 2608 Iohannes
3258 2544 3663 2610 clauderetur

2665 2649 2728 2710 in
2761 2667 3016 2711 carcere
3045 2657 3233 2730 gesta
3266 2650 3553 2713 narrauit

2661 2753 2831 2816 sicut
2863 2752 3278 2816 manifestum
3312 2773 3452 2817 esse

2662 2855 2902 2939 poterit
2934 2901 2950 2916 .
2984 2856 3200 2938 hisqui
3231 2869 3426 2920 11110r

2662 2958 3158 3041 euangeliorum
3191 2959 3529 3025 uolumine

2659 3064 2936 3145 legerint
2966 3063 3358 3146 diligenter:
3404 3064 3531 3130 hoc

2662 3168 2861 3251 igitur
2892 3166 3313 3251 euangelium
3345 3180 3499 3251 post

2658 3270 3067 3355 apocalipsin
3105 3259 3349 3336 scribtu
3384 3273 3562 3337 mani

2662 3374 2897 3439 festum
2929 3384 2997 3439 et
3028 3376 3260 3439 datum
3291 3386 3392 3440 est
3423 3375 3676 3442 eclesiis

2662 3480 2729 3542 in
2761 3478 2900 3543 asia
2930 3500 2970 3542 a
3006 3478 3302 3543 Iohanne
3331 3482 3499 3544 aduc

2661 3583 2726 3646 in
2757 3602 3034 3665 corpore
3065 3583 3431 3647 constituto
3461 3584 3620 3649 sicut

2660 3695 2893 3778 papias
2924 3678 3078 3757 nme
3112 3681 3565 3779 Iheropolitari

2660 3783 2933 3894 episcop
2965 3798 3322 3882 discipulus
3356 3787 3624 3863 Ihoafiis

2661 3912 2726 3964 et
2757 3921 2948 3964 carus
2980 3902 3045 3963 in
3080 3903 3432 3967 exotericis
3462 3904 3597 3967 suis

2661 4005 2727 4068 id
2761 4015 2861 4068 est
2894 4005 2959 4068 in
2990 4007 3305 4069 extremis
3335 3994 3542 4091 quim}
3573 4007 3754 4073 libris

2661 4108 2885 4173 retulit
2913 4109 3026 4191 qui
3058 4109 3184 4174 hoc
3214 4099 3558 4192 euangelii}

2663 4210 2957 4275 Iohanne
2988 4212 3112 4275 sub
3143 4212 3436 4278 dictante

2655 4315 3040 4381 conscribsit
3067 4339 3080 4379 ε

2574 4420 2830 4485 Uerum
2862 4419 3173 4483 archinon
3205 4419 3534 4484 hereticus
3564 4409 3699 4504 quin

2657 4524 2744 4587 ab
2775 4544 2857 4586 eo
2887 4523 3114 4588 fuisset
3145 4526 3536 4608 reprobatus

2656 4647 2737 4690 eo
2767 4627 2870 4709 qd
2890 4627 3215 4691 contraria
3245 4629 3516 4693 sentiset

2657 4739 2984 4823 prelectus
3013 4750 3115 4803 est
3146 4762 3186 4804 a
3222 4726 3473 4804 Iohane

2657 4843 2765 4907 hic
2803 4863 2961 4906 uero
2996 4844 3244 4908 scribtu
3279 4844 3366 4907 u“l'
3384 4846 3625 4926 eps†as

2661 4957 2746 5018 ad
2780 4974 2932 5018 eum
2969 4955 3333 5038 pertulerut
3363 4977 3403 5019 a
3431 4937 3552 5022 frib

2662 5059 2896 5123 missus
2927 5059 3041 5140 qui
3074 5060 3139 5122 in
3171 5070 3377 5142 ponto
3408 5070 3595 5124 erant

2662 5169 2889 5234 fideles
2922 5170 2987 5233 in
3018 5174 3154 5236 dno
3181 5155 3299 5236 nio
3332 5219 3346 5233 .
3379 5159 3487 5236 atil
