4717 6400
737 660 874 709 xlx.
897 661 1122 725 27—xx.
1143 644 1220 736 5.]
1338 650 1983 713 EUANGELJUM
2015 651 2546 715 SECUNDUM
2578 653 2713 715 MA
2730 654 3136 719 TTHEUM
3624 680 3737 728 121

732 836 884 881 ecce
915 838 1037 883 nos
1066 818 1453 901 reliquimus
1483 821 1710 886 omnia

730 928 797 984 et
827 922 1038 986 secuti
1067 943 1296 988 sumus
1328 933 1397 988 te

727 1025 890 1107 quid
922 1047 1080 1109 ergo
1118 1028 1241 1092 erit
1269 1028 1462 1092 nobis
1481 1034 1510 1092 ?

655 1120 711 1163 ²⁸
730 1126 845 1177 <¹⁹⁶·
869 1125 941 1178 ¹⁰)
978 1130 1162 1194 Iesus
1192 1140 1417 1195 autem
1450 1131 1627 1195 dixit
1658 1130 1787 1197 illis

2340 832 2410 888 et
2441 824 2648 889 uitam
2678 835 3014 891 aeternam
3046 829 3432 912 possidebit.

2266 920 2534 978 ⁸⁰(1⁹⁹·²)
2596 923 2796 995 Multi
2854 942 3079 997 autem
3132 943 3328 999 erunt
3381 934 3575 1018 primi
3627 957 3744 1002 no-

2427 1031 2677 1095 nissimi

2338 1144 2407 1197 et
2438 1135 2778 1199 nouissimi
2809 1137 3025 1221 primi.

727 1254 922 1298 amen
964 1236 1115 1301 dico
1156 1237 1349 1302 uobis
1390 1237 1572 1320 quod
1608 1258 1730 1303 uos
1771 1238 1884 1321 qui
1924 1241 2135 1306 secuti
2256 1232 2415 1299 XX.
2441 1234 2561 1287 (²⁰0·
2583 1236 2655 1287 1⁰)
2705 1239 2938 1304 Simile
3030 1250 3134 1306 est
3212 1244 3386 1308 enim
3468 1266 3743 1330 regnum

816 1339 974 1404 estis
1006 1360 1114 1404 me

728 1442 793 1506 in
870 1443 1364 1527 regeneratione
1423 1464 1576 1509 cum
1642 1447 1889 1512 sederit
1963 1447 2136 1512 filius

811 1544 1098 1612 hominis
1130 1548 1198 1611 in
1225 1548 1386 1611 sede
1422 1549 1787 1614 maiestatis
1817 1571 1976 1616 suae

728 1646 848 1699 0⁹⁷·
868 1648 915 1698 ⁶)
946 1651 1263 1715 sedebitis
1285 1661 1353 1715 et
1386 1672 1507 1715 uos
1535 1672 1731 1736 super
1753 1655 1945 1719 sedes
1969 1656 2134 1719 duo-

813 1753 1029 1818 decim
1068 1755 1433 1820 iudicantes
1463 1756 1816 1821 duodecim

726 1857 941 1922 tribus
973 1857 1232 1922 israhel.

657 1957 710 1998 ²⁹
729 1960 850 2011 (¹⁹⁸·
872 1960 917 2010 ²)
952 1962 1045 2026 Et
1074 1963 1292 2027 omnis
1323 1963 1438 2045 qui
1470 1962 1738 2046 reliquit
1768 1965 2045 2028 domum

727 2066 833 2130 uel
858 2065 1090 2131 fratres
1118 2074 1236 2130 aut
1264 2087 1522 2130 sorores

726 2180 842 2234 aut
871 2180 1133 2255 patrem
1163 2178 1281 2234 aut
1313 2180 1593 2235 matrem

725 2283 841 2340 aut
870 2295 1154 2339 uxorem
1185 2284 1304 2340 aut
1334 2274 1504 2339 filios

723 2389 840 2442 aut
870 2398 1068 2462 agros
1096 2387 1370 2461 propter
1392 2398 1636 2442 nomen
1669 2400 1889 2444 meum

724 2482 1105 2566 centuplum
1136 2482 1417 2566 accipiet

2427 1340 2761 1407 caelorum
2793 1342 3047 1408 homini
3078 1347 3252 1428 patri
3288 1346 3572 1413 familias

2339 1446 2455 1530 qui
2474 1447 2640 1510 exiit
2661 1447 2879 1529 primo
2904 1468 3101 1513 mane
3124 1452 3490 1517 conducere
3512 1473 3743 1537 opera-

2426 1551 2559 1614 rios
2591 1551 2658 1614 in
2688 1551 2949 1615 uineam
2988 1572 3176 1617 suam

2293 1658 2321 1697 ²
2339 1652 2778 1717 conuentione
2820 1662 3045 1717 autem
3094 1653 3269 1720 facta
3313 1676 3464 1722 cum
3512 1679 3742 1741 opera-

2429 1777 2539 1821 rus

2338 1882 2429 1924 ex
2463 1860 2736 1924 denario
2766 1860 3003 1925 diurno

2341 1965 2523 2029 misit
2552 1984 2668 2029 eos
2698 1965 2764 2028 in
2794 1964 3060 2029 uineam
3092 1986 3284 2030 suam

2294 2074 2320 2114 3
2337 2076 2407 2132 et
2437 2088 2739 2151 egressus
2767 2068 2939 2133 circa
2968 2067 3200 2133 horam
3232 2071 3500 2135 tertiam

2341 2172 2510 2237 uidit
2539 2171 2706 2237 alios
2735 2181 2985 2236 stantes
3017 2173 3082 2235 in
3112 2172 3257 2237 foro
3288 2175 3540 2239 otiosos

2290 2266 2317 2306 ⁴
2336 2286 2406 2341 et
2438 2275 2564 2339 illis
2595 2274 2768 2339 dixit
2799 2274 2893 2340 ite
2923 2285 2990 2340 et
3023 2297 3144 2341 uos
3173 2276 3239 2340 in
3271 2276 3532 2343 uincam

2337 2390 2405 2445 et
2435 2381 2616 2463 quod
2647 2378 2893 2442 iustum
2924 2379 3118 2443 fuerit
3147 2381 3327 2445 dabo
3357 2382 3549 2448 uobis

2290 2485 2318 2525 ³
2336 2485 2429 2548 illi
2459 2493 2685 2550 autem
2717 2482 3018 2547 abierunt

723 2686 1024 2764 spondens
1079 2697 1281 2765 petrus
1331 2686 1477 2747 dixit
1524 2688 1596 2748 ei.
1678 2707 1814 2749 ecce
1858 2707 1970 2749 nos
2014 2690 2352 2768 reliquimus
2397 2689 2616 2750 omnia.
2695 2697 2754 2746 et
2809 2687 2991 2746 secuti
3036 2704 3239 2747 sumus
3293 2696 3353 2748 te
3403 2688 3549 2768 quid
3601 2708 3745 2768 ergo

721 2781 829 2840 erit
869 2782 1060 2840 nobis.

882 2875 930 2908 ¹⁸
946 2876 1104 2934 iesus
1131 2884 1327 2934 autem
1356 2874 1503 2935 dixit
1531 2876 1658 2935 illis.
1718 2895 1892 2936 amen
1921 2877 2057 2937 dico
2084 2878 2257 2939 uobis
2284 2876 2566 2955 quoniam
2593 2891 2703 2935 uos
2732 2873 2831 2951 qui
2861 2873 3041 2933 secuti
3069 2874 3209 2935 estis
3234 2892 3332 2934 me
3361 2876 3424 2934 in
3454 2894 3742 2936 resurrec-

722 2968 897 3028 tione.
976 2987 1113 3029 cum
1162 2968 1380 3028 sederit
1430 2969 1582 3029 filius
1626 2969 1883 3030 hominis
1939 2989 2117 3048 supra
2161 2971 2364 3032 sedem
2412 2969 2730 3031 maiestatis
2779 2985 2921 3027 suae
2964 2966 3256 3026 sedebitis.
3315 2971 3382 3028 et'
3415 2986 3528 3029 uos
3566 2987 3742 3047 super

721 3062 1031 3123 duodecim
1073 3063 1260 3123 sedes·
1321 3062 1644 3134 iudicantes
1686 3064 2000 3125 duodecim
2042 3067 2226 3126 tribus
2268 3064 2521 3126 sdrahel.
2588 3061 2634 3096 ²⁹
2651 3072 2710 3122 et
2750 3061 2950 3122 omnis
2991 3061 3092 3139 qui
3135 3060 3425 3140 relinquet
3472 3063 3740 3123 domum.

722 3156 815 3217 uel
857 3156 1076 3217 fratres.
1132 3166 1233 3216 aut
1272 3174 1525 3218 sorores.
1601 3168 1703 3218 aut
1745 3169 1989 3235 patrem.
2071 3169 2172 3220 aut
2214 3168 2480 3220 matrem.
2540 3166 2641 3218 aut
2695 3174 2962 3217 uxorem.
3032 3166 3133 3217 aut
3179 3156 3344 3217 filios
3418 3167 3517 3217 aut
3564 3176 3741 3237 agros

723 3261 960 3330 propter
999 3269 1220 3311 nomen
1261 3270 1462 3312 meum
1505 3253 1847 3330 centuplum
1888 3254 2153 3332 accipiet.
2209 3264 2270 3314 et
2302 3255 2487 3314 uitam
2529 3262 2832 3312 aeternam
2873 3251 3215 3329 possidebit.
3277 3250 3326 3285 '⁰
3339 3252 3505 3312 multi
3544 3263 3741 3314 autem

723 3356 891 3406 eruut
917 3346 1090 3423 primi
1117 3346 1424 3407 nouissimi
1452 3357 1510 3405 et
1537 3347 1846 3407 nouissimi
1875 3349 2061 3425 primi.

885 3439 1020 3498 XX.
1063 3437 1085 3470 ²
1103 3439 1301 3498 Simile
1329 3450 1419 3499 est
1446 3440 1605 3499 enim
1626 3459 1874 3518 regnum
1904 3442 2218 3502 caelorum.
2278 3441 2506 3501 homini
2533 3439 2685 3518 patri
2711 3438 2981 3499 familias,
3051 3438 3152 3517 qui
3179 3439 3320 3499 exiit
3348 3441 3536 3518 prima
3562 3459 3738 3502 mane

720 3533 1056 3594 conducere
1084 3534 1388 3610 operarios
1416 3535 1479 3593 in
1506 3535 1745 3594 uineam
1773 3553 1958 3595 suam.
2017 3537 2041 3571 ²
2057 3536 2457 3595 conuentione
2486 3545 2682 3594 autem
2709 3534 2866 3594 facta
2893 3552 3034 3593 cum
3061 3535 3356 3611 operariis.
3401 3554 3477 3595 ex
3499 3536 3741 3598 denario

720 3628 947 3688 diurno.
1007 3629 1165 3687 misit
1197 3646 1302 3688 eos
1339 3629 1401 3686 in
1436 3629 1673 3689 uincam
1711 3648 1895 3689 suam.
1957 3631 2056 3690 ³et
2080 3648 2355 3707 egressus
2394 3630 2551 3690 circa
2578 3628 2788 3688 horam
2816 3629 3049 3688 tertiam
3077 3628 3223 3686 uidit
3251 3629 3397 3689 alios
3424 3640 3644 3690 stantes
3676 3631 3738 3689 in

718 3721 847 3782 soro
887 3722 1126 3782 otiosos..
1186 3721 1210 3753 ⁴
1228 3730 1287 3781 et
1329 3721 1409 3781 ait
1449 3721 1559 3782 illis
1600 3723 1679 3782 ite
1719 3733 1777 3783 et
1817 3741 1928 3783 uos
1961 3724 2023 3782 in
2059 3724 2299 3783 uineam
2333 3741 2547 3784 meam.
2611 3732 2670 3782 et
2705 3723 2871 3799 quod
2911 3722 3124 3781 iustum
3158 3722 3324 3782 fuerit
3357 3721 3515 3783 dabo
3548 3726 3738 3785 uobiS.

719 3818 743 3850 ⁸
758 3816 841 3876 illi
885 3826 1082 3876 autem
1132 3816 1417 3875 abierunt.
1478 3826 1539 3875 et
1586 3816 1796 3877 iterum
1843 3817 1984 3877 exiit
2037 3818 2192 3878 circa
2216 3810 2447 3877 'horam
2492 3825 2720 3876 sextam
2764 3824 2824 3874 et
2872 3832 3111 3874 nonam.
3175 3825 3233 3874 et
3287 3814 3421 3875 fecit
3465 3817 3738 3880 similiter.

718 4045 768 4090 et
790 4037 995 4089 dixitR.
1062 4038 1388 4103 relinquimus
1403 4038 1783 4104 CLomQRY5
1816 4039 2120 4091 dimissimus

719 4116 779 4167 E.
845 4117 1039 4182 sequuti
1061 4115 1206 4167 ΘΧ*.
1272 4133 1367 4167 σπι.
1390 4131 1526 4176 orco
1547 4117 1607 4168 L.

787 4195 865 4244 28.
899 4197 1050 4244 mist
1084 4194 1157 4244 eis
1177 4195 1215 4244 J
1220 4194 1497 4246 KMOVZ.
1564 4197 1758 4261 sequuti
1785 4196 1900 4247 ΘΧ.
1968 4197 2122 4246 hestis

717 4271 779 4323 C.
846 4273 900 4322 iu
954 4273 1271 4337 generatione
1325 4273 1613 4338 3³·0LQR3
1672 4286 1710 4326 ψ
1738 4274 1837 4324 ista
1891 4274 2120 4337 OEP'WQR.

717 4365 839 4416 qum
863 4350 936 4412 H,
959 4366 1112 4415 quum
1133 4351 1198 4400 Θ.
1262 4350 1450 4402 sederet
1475 4351 1547 4402 H.
1614 4352 1782 4403 sedem
1808 4352 1865 4403 F.
1931 4368 2120 4417 mages·

716 4428 835 4478 tatis
847 4428 920 4491 C,
942 4429 1116 4493 magis.
1141 4427 1205 4479 Ο.
1271 4445 1358 4479 sue
1377 4429 1460 4479 W.
1525 4429 1770 4479 dedebitis
1787 4429 1834 4477 V
1851 4429 1908 4492 (d
1931 4429 2118 4494 ruba).

717 4521 865 4570 supra
907 4506 970 4555 T.
1042 4504 1316 4556 duodecem
1361 4506 1436 4556 bis
1481 4507 1572 4556 ΞΡ*
1611 4506 1754 4572 (·cim
1798 4522 1923 4557 corr.
1970 4507 2115 4572 mp.),

718 4594 836 4631 -xn-
859 4583 934 4633 bis
955 4584 1136 4645 ERw,
1156 4599 1244 4633 sec.
1267 4584 1324 4634 L.
1394 4587 1607 4635 israhel
1631 4584 1750 4634 uide
1773 4585 1847 4633 ad
1862 4584 1913 4634 ii.
1935 4582 1984 4634 6.

680 4684 691 4693 ·
788 4676 866 4726 29.
901 4677 1075 4712 omnes
1116 4660 1257 4712 11¹0.
1324 4665 1558 4721 reliquit
1595 4662 1828 4728 (ἀφῆκεν)
1863 4663 1993 4712 codd.
2023 4664 2118 4728 pl„

718 4739 928 4805 reliquid
961 4740 1088 4790 CO:
1136 4739 1387 4804 reliquerit
1421 4739 1680 4805 EQJQR*
1703 4757 1804 4806 vg„
1836 4741 2120 4806 relinquent

718 4818 852 4880 R···,
888 4818 1088 4883 liquerit
1126 4818 1184 4869 L.
1252 4817 1460 4869 domum
1505 4826 1592 4869 aut
1635 4819 1700 4870 R.
1767 4819 2008 4870 huxorem
2054 4821 2116 4879 C,

716 4911 892 4947 uxores
914 4896 971 4945 L.
1039 4896 1121 4946 uel
1142 4895 1276 4946 filios
1290 4898 1346 4947 J.
1412 4912 1578 4956 seros
1593 4904 1732 4948 ÷aut
1754 4897 1933 4947 domos
1956 4896 2117 4946 HWO

715 4976 753 5025 J
756 4976 822 5025 Ο.
886 4979 1122 5032 propter
1161 4989 1373 5025 nomen
1415 4990 1638 5027 meum:
1696 4983 1900 5042 propter
1940 4991 2022 5026 me
2065 4983 2117 5025 et

718 5058 922 5118 propter
952 5052 1268 5117 euangelium
1302 5054 1351 5118 Q
1381 5069 1446 5103 ex
1477 5055 1653 5104 Marco
1681 5071 1728 5102 x.
1757 5068 1836 5117 29,
1868 5053 1931 5119 qt:
1959 5053 2002 5103 F
2023 5054 2120 5119 qui

715 5145 829 5180 cum
868 5131 954 5180 Lc.
993 5131 1128 5182 xviii.
1170 5145 1231 5196 29
1263 5132 1334 5181 sic
1371 5132 1617 5197 componit
1661 5139 1865 5197 propter
1907 5147 2114 5195 reguum

715 5207 965 5259 caelorum
998 5215 1049 5258 et
1068 5223 1249 5258 nomen
1284 5223 1451 5259 meum
1484 5216 1535 5258 et
1558 5216 1757 5273 propter
1784 5208 2111 5273 euangelium.

716 5286 912 5351 accipet
931 5286 1007 5347 L3
1053 5286 1188 5338 ÷hic
1222 5286 1284 5335 R.
1348 5293 1567 5336 eternam
1589 5286 1672 5335 W.
1740 5286 2028 5352 possedebit
2052 5286 2111 5344 L,

715 5362 1034 5428 possidebunt
1057 5363 1118 5413 F.

782 5453 864 5502 30.
889 5444 1064 5491 xum
1077 5441 1250 5492 littera
1267 5442 1456 5492 maiore
1470 5442 1513 5491 L
1529 5441 1602 5492 ad
1612 5442 1827 5491 im'tium
1835 5440 2109 5506 pericopae.

2335 4044 2557 4089 autem:
2606 4039 2740 4089 enim
2778 4036 2856 4087 Ο*
2900 4036 3048 4101 (corr.
3100 4037 3228 4101 θ’).
3305 4054 3399 4089 σπι.
3445 4045 3614 4090 erunt
3659 4040 3735 4092 M.

2339 4125 2397 4174 >
2411 4116 2669 4167 nouissimi
2690 4115 2840 4181 primi
2862 4121 2914 4165 et
2935 4115 3082 4180 primi
3103 4115 3363 4166 nouissimi
3386 4117 3448 4166 R.

2400 4196 2515 4245 XX.
2544 4208 2587 4245 1.
2633 4210 2727 4245 σπι.
2772 4198 2929 4245 onim
2972 4193 3721 4261 CEJLQRX*(÷c0›-r.)z*(÷

2332 4271 2413 4337 2⁴)
2438 4289 2519 4337 vg.
2541 4288 2656 4322 cum
2678 4271 2708 4321 b
2725 4288 2751 4320 c
2770 4272 2877 4338 ιβ’,
2893 4287 2965 4335 ξι.
2981 4304 3000 4332 ,
3018 4271 3107 4322 sed
3126 4272 3272 4321 addit
3298 4272 3430 4323 enim
3453 4274 3552 4324 cod.
3573 4274 3736 4338 caras:

2331 4349 2554 4400 celorum
2575 4350 2659 4398 W.
2727 4348 3080 4414 patrifamilias
3109 4349 3144 4399 J
3149 4349 3199 4398 Y
3220 4365 3318 4413 vg„
3352 4350 3479 4415 patri
3512 4350 3735 4403 familiae

2331 4427 2406 4479 M.
2473 4428 2579 4479 exit
2599 4427 2664 4477 R.
2734 4428 3027 4493 hoperarios
3047 4426 3108 4479 C.
3177 4443 3387 4479 ueneam
3410 4428 3469 4479 L.

2401 4520 2444 4555 2.
2478 4522 2571 4557 σπι.
2629 4511 2824 4556 autem
2879 4506 2938 4555 E.
3015 4505 3148 4556 facto
3203 4506 3263 4556 L.
3336 4506 3613 4572 hoperariis
3668 4507 3733 4569 C,

2330 4584 2552 4649 operaris
2573 4583 2632 4644 L,
2659 4583 2914 4648 operarius
2937 4583 3000 4633 R.
3066 4582 3272 4634 danai-io
3295 4584 3361 4646 T,
3389 4584 3583 4634 dinatio
3610 4583 3731 4634 XZ*

2332 4665 2482 4725 (corr.
2527 4661 2625 4727 2⁴).
2706 4661 2879 4711 diemo
2925 4662 2986 4723 L,
3043 4661 3232 4711 deumo
3275 4662 3337 4711 R.
3421 4664 3622 4713 ueniam
3667 4664 3730 4724 E,

2327 4738 2516 4789 niniam
2561 4739 2622 4788 R.
2689 4754 2852 4789 suam
2889 4738 3086 4804 (αὐτοῦ)
3123 4740 3254 4789 codd.
3284 4740 3359 4804 pl.
3399 4746 3447 4789 et
3483 4755 3591 4804 νεα
3633 4755 3729 4790 σπι.

2396 4909 2441 4958 3.
2476 4910 2678 4960 egresus
2710 4894 2876 4945 SPLR.
2949 4908 3088 4944 oram
3125 4892 3237 4943 OT.
3310 4894 3577 4949 >otiosus
3608 4893 3659 4943 in
3693 4892 3728 4943 f.

2327 4979 2513 5023 stantes
2534 4974 2598 5036 Q.
2665 4972 2891 5022 hotiosos
2912 4972 2972 5032 C,
2999 4971 3197 5021 ociosos
3218 4970 3302 5020 W.

2392 5065 2437 5113 4.
2479 5057 2536 5106 >
2556 5049 2683 5099 dixit
2726 5049 2829 5099 illis
2874 5048 3033 5098 SPOR
3075 5063 3154 5112 vg.
3248 5055 3373 5104 >et
3416 5064 3508 5099 uos
3550 5048 3619 5100 ite
3663 5050 3728 5114 Q.

2325 5130 2556 5177 ninom
2588 5128 2700 5176 sine
2732 5126 2889 5176 addit.
2931 5123 3042 5189 (τὸν
3072 5124 3337 5185 ἀμπελῶνα
3376 5127 3471 5175 BD
3510 5133 3559 5176 et
3593 5126 3725 5177 codd.

2324 5205 2500 5270 multa)
2527 5202 3191 5268 Mummii-mvltvm
3214 5221 3226 5254 :
3275 5215 3489 5254 4meam
3514 5204 3726 5255 cffHss

2322 5285 2361 5335 J
2365 5283 2476 5332 LM'
2476 5282 2739 5347 OQRTW
2760 5282 2858 5332 cod.
2882 5282 3041 5347 caras.
3067 5278 3236 5337 55⁴5.
3303 5282 3436 5332 dauo
3457 5280 3549 5332 0¹⁸².

2392 5374 2438 5425 5.
2475 5360 2565 5411 ille
2594 5361 2665 5409 ad
2693 5360 2813 5410 init.
2840 5359 2911 5410 H.
2979 5374 3071 5409 σπι.
3104 5366 3298 5410 autom
3327 5376 3414 5410 sec.
3441 5360 3507 5410 R.
3570 5358 3725 5410 exiuit

2324 5440 2410 5502 03
2464 5439 2592 5490 abiit
2636 5440 2698 5490 E.
2764 5439 2951 5489 circam
2995 5437 3056 5489 E.
3124 5454 3264 5488 oram
3307 5439 3370 5487 T.
3435 5452 3619 5488 nouam
3663 5438 3722 5488 L.

3327 5532 3375 5582 R
