4717 6400
1651 659 2175 724 SECUNDUM
2212 657 2646 720 MARCUM.

1058 831 1257 884 DSPGJ
1287 831 1553 896 (capitula)
1579 831 1628 896 Q
1655 830 1833 896 (aun).

546 924 744 985 XIIII.
793 925 866 983 In
923 925 1161 1001 regione
1215 925 1617 1002 ger-asinorum
1671 924 1973 984 hominem
2030 942 2067 982 a
2122 922 2353 999 legione

625 1019 948 1079 mandauit.

547 1115 677 1176 XV.
720 1114 794 1174 Et
826 1133 962 1189 cum
990 1113 1169 1172 filiam
1197 1113 1474 1190 principis
1503 1131 1539 1171 a
1565 1123 1752 1172 morte
1790 1112 2037 1171 saluaret
2064 1120 2122 1171 et
2148 1110 2351 1169 mulie-

625 1228 749 1269 rem
776 1228 811 1268 a
840 1208 1092 1286 profluio
1119 1207 1417 1284 sanguinis
1444 1217 1627 1266 sanat.

545 1585 706 1645 XVI.
748 1585 805 1643 N
808 1604 887 1644 on
917 1596 1004 1644 est
1032 1583 1256 1661 profeta
1284 1594 1556 1660 acceptus
1583 1584 1644 1640 in
1673 1584 1856 1660 patria
1885 1601 2005 1642 sua.

547 1961 741 2019 XVII.
782 1960 860 2020 Et
901 1960 1086 2019 missit
1127 1980 1213 2020 x11
1246 1959 1565 2036 discipulos
1607 1976 1748 2018 suos
1787 1968 1851 2017 ut
1892 1958 2256 2035 predicarent
2292 1968 2349 2016 et

626 2063 893 2113 curarent
926 2054 1207 2112 infirmos.

549 2242 773 2302 XVIII.
815 2243 892 2300 Et
933 2242 1180 2301 herodes
1223 2241 1531 2301 decollauit
1573 2239 1888 2299 iohannem
1940 2250 1997 2298 et
2042 2240 2348 2298 uenierunt

629 2337 894 2413 discipuli
923 2337 998 2395 ad
1027 2337 1145 2394 ihm
1176 2346 1234 2395 et
1263 2335 1465 2394 refficit
1491 2352 1610 2394 eos

552 2762 805 2822 XVIIII.
849 2762 940 2822 De
976 2782 1055 2823 ·u·
1086 2763 1333 2839 panibus
1361 2764 1420 2821 in
1454 2782 1528 2822 .υ.
1559 2762 1716 2822 milia
1744 2762 2068 2822 hominum.

553 3047 680 3105 XX.
721 3047 840 3106 Ubi
868 3066 1042 3125 super
1069 3046 1275 3107 fluctus
1304 3046 1620 3107 ambulauit
1649 3055 1707 3105 et
1734 3044 1994 3105 infirmos
2023 3046 2261 3106 curauit.

551 3236 708 3295 XXI.
752 3235 1010 3297 INLotis
1058 3236 1327 3295 manibus
1376 3235 1731 3294 manducare
1788 3253 1909 3294 non
1961 3235 2343 3312 coinquinant

625 3330 939 3391 hominem.

553 3759 738 3818 XXII.
781 3757 922 3819 Non
949 3760 1082 3819 licet
1112 3759 1308 3819 tollere
1337 3775 1552 3835 panem
1583 3756 1826 3817 filiorum
1857 3769 1914 3817 et
1935 3758 2071 3818 dare
2102 3760 2346 3819 canibus

625 3865 678 3913 et
704 3854 984 3913 mundata
1013 3864 1100 3913 est
1126 3853 1319 3933 puella
1346 3872 1382 3912 a
1410 3852 1703 3912 demonio.

553 4102 770 4163 XXIII.
815 4103 1138 4163 Hominem
1170 4104 1410 4164 sordum
1439 4114 1497 4163 et
1525 4112 1754 4162 mutum
1782 4105 2005 4162 curauit
2033 4114 2095 4163 ut
2123 4107 2344 4166 audiret

622 4208 678 4255 et
706 4198 1052 4274 loqueretur.

607 4450 780 4500 XIIII.
828 4463 863 4500 -ο-
879 4450 964 4500 ubi
981 4450 1053 4499 ad
1071 4451 1187 4498 init.
1207 4449 1269 4497 G.
1336 4451 1561 4508 legione
1576 4463 1612 4500 -ι-
1627 4449 1997 4500 daemoniorum
2015 4451 2119 4501 GJ.
2186 4467 2342 4502 mun·

551 4518 733 4565 danis:
769 4515 1001 4566 liberauit
1023 4516 1087 4564 G.

609 4581 722 4630 XV.
755 4588 805 4631 et
829 4596 943 4630 cum
965 4580 1123 4630 filium
1148 4580 1230 4640 D;
1262 4580 1325 4630 de
1350 4579 1456 4629 filia
1477 4586 1652 4644 etpost
1670 4585 1818 4638 prin.
1845 4593 1884 4632 -ι-
1913 4597 2063 4647 quam
2083 4582 2145 4632 G.
2213 4598 2342 4632 mor-

552 4647 643 4696 tuis
663 4647 758 4698 SPJ
776 4663 892 4696 aur.
965 4649 1243 4696 saluar-et:
1280 4646 1480 4695 suscitat
1501 4647 1564 4695 G.
1631 4662 1725 4696 om.
1743 4653 1802 4697 et
1817 4663 1903 4697 sec.
1927 4648 2018 4697 :va
2026 4647 2090 4712 Q.
2151 4649 2345 4699 sanauit

549 4712 582 4760 J
599 4728 611 4770 3
643 4713 805 4762 salunt
828 4712 892 4775 Q,
918 4711 1042 4761 -auit
1065 4727 1180 4760 aur.

607 4778 748 4827 XVI.
798 4790 834 4827 -1-
849 4778 934 4827 ubi
957 4777 1077 4827 dicit
1101 4777 1172 4825 ad
1188 4777 1301 4825 init.
1327 4776 1390 4826 G.

607 4843 778 4892 XVII.
813 4849 902 4893 et:
938 4859 1031 4892 om.
1060 4858 1207 4901 aur.;
1240 4842 1328 4890 ubi
1362 4842 1427 4892 G.
1495 4842 1775 4893 misit÷ihs
1808 4843 1845 4893 J
1881 4859 1997 4892 aur.
2082 4860 2176 4893 om.
2210 4860 2345 4895 suos

550 4908 705 4958 ffGJ.
776 4908 993 4959 redicare
1015 4915 1062 4958 et
1087 4922 1255 4957 curare
1278 4907 1342 4957 G.
1416 4914 1471 4963 >
1496 4908 1622 4957 infir.
1647 4923 1748 4958 cur.
1771 4923 1886 4957 aur.

607 4974 732 5023 XVI
763 4975 803 5023 1.
837 4979 927 5023 et:
962 4989 1056 5023 om.
1071 4989 1218 5032 aur.;
1251 4972 1338 5022 ubi
1356 4973 1442 5023 GJ
1448 5010 1460 5021 .
1525 4976 1794 5024 herodes:
1829 4972 1914 5024 ioh
1937 4974 2002 5024 D.
2079 4982 2134 5030 >
2154 4975 2219 5024 ad
2241 4975 2344 5026 ihm

548 5039 646 5088 disc
668 5040 726 5088 ΞΡ
747 5043 766 5100 (
784 5053 819 5090 4-
834 5039 964 5100 eius)
991 5039 1052 5102 Q.
1119 5042 1350 5087 roffloit:
1384 5039 1575 5090 curauit
1597 5037 1691 5088 D*.

609 5105 725 5154 XX.
759 5107 963 5154 fluctus
979 5118 1015 5153 4-
1031 5105 1180 5153 maris
1203 5103 1289 5153 GJ
1308 5120 1423 5152 aur.
1490 5107 1713 5154 our-anit
1733 5122 1745 5154 ε
1782 5106 1972 5154 sanauit
1994 5121 2129 5165 aur„
2145 5115 2218 5155 -at
2241 5107 2324 5156 GJ
2333 5142 2344 5154 .

608 5171 751 5219 ΧΧΙ.
800 5184 835 5218 4
851 5170 936 5219 ubi
957 5169 1028 5218 ad
1046 5170 1162 5219 init.
1184 5169 1246 5218 G.
1313 5185 1411 5218 non
1438 5169 1553 5221 lotis
1575 5170 1720 5220 {PGJ
1726 5171 1774 5234 Q
1795 5186 1909 5219 aur.
1975 5175 2314 5222 manducare
2333 5189 2344 5222 t

547 5235 684 5285 edere
706 5235 806 5299 GQ
827 5251 944 5284 aur.
1011 5237 1411 5293 coinquinant:
1447 5238 1782 5286 communicat
1805 5236 1891 5286 GJ
1915 5251 2029 5285 aur.

605 5301 775 5349 XXII.
809 5303 1039 5350 tollere:
1073 5315 1263 5350 sumere
1292 5301 1457 5350 3³GJ.
1525 5305 1691 5351 dare:
1725 5302 1945 5365 proicere
1965 5303 2020 5351 J.
2089 5302 2346 5353 mundauit

546 5365 756 5428 puellam
783 5365 870 5415 GJ
894 5382 1009 5415 aur.

610 5431 806 5480 XXIII.
857 5446 891 5480 -ι-
909 5432 994 5480 ubi
1018 5431 1088 5479 ad
1108 5431 1224 5480 init.
1240 5433 1292 5481 J.
1357 5438 1412 5487 >
1433 5440 1624 5481 mutum
1647 5441 1696 5482 et
1720 5432 1922 5482 surdum
1948 5431 2011 5482 G.
2060 5437 2254 5482 sanauit
2281 5435 2343 5483 G.

546 5511 655 5544 aur.

3642 672 3761 737 179

2721 829 2773 877 K
2797 829 2952 878 Harl.
2979 838 3107 892 2790
3130 828 3294 877 lVanc.
3319 827 3496 876 Bamb.

2460 925 2662 985 XIIII.
2703 924 2796 984 De
2825 925 3064 983 homine
3087 943 3122 983 a
3143 925 3503 984 daemonum
3531 922 3765 999 legione

2541 1021 2801 1078 liberato.

2458 1114 2589 1173 XV.
2634 1113 2725 1172 De
2756 1113 2872 1171 filia
2898 1112 3349 1189 archisynagogi
3377 1112 3472 1170 uel
3499 1112 3572 1171 de
3601 1130 3760 1172 mor-

2536 1219 2704 1267 tuosa
2732 1207 2989 1265 muliere.

2456 1585 2620 1643 XVI.
2664 1584 2794 1642 Dfis
2822 1584 2901 1643 ait
2927 1583 3211 1661 propheta
3245 1582 3533 1642 honorem
3563 1584 3624 1641 in
3652 1601 3757 1642 sua

2536 1680 2721 1755 patria
2749 1697 2871 1737 non
2899 1678 3092 1737 habet.

2456 1961 2652 2020 XVII.
2698 1960 2791 2021 De
2818 1960 3127 2038 ‘discipulis
3160 1961 3236 2019 ad
3263 1959 3685 2037 predicandum
3723 1979 3759 2019 a

2536 2057 2657 2115 dfio
2683 2057 2911 2114 missos

2454 2242 2682 2301 XVIII.
2728 2242 2818 2302 De
2848 2242 3295 2302 obtruncatione
3322 2240 3608 2301 iohannis

2454 2766 2714 2825 XVIIII.
2744 2765 2836 2827 De
2857 2766 3258 2843 apostolorum
3277 2765 3590 2827 resectione
3607 2777 3663 2825 et
3681 2767 3753 2825 de

2533 2863 2789 2938 quinque
2817 2862 3066 2939 panibus
3093 2861 3465 2937 piscibusque
3487 2859 3734 2921 duobus.

2454 3037 2587 3096 XX.
2630 3037 2760 3096 Diis
2802 3056 2979 3115 super
3013 3055 3195 3114 aquas
3235 3035 3529 3112 discipulis
3570 3035 3750 3095 adue-

2531 3132 2699 3190 nisse.

2451 3226 2614 3285 XXI.
2660 3226 2946 3299 Quaestio
2985 3244 3266 3285 manuum
3302 3225 3618 3286 inlotorum
3647 3225 3747 3283 dr‘ii

2534 3340 2683 3397 quae
2714 3322 3033 3397 responsio.

2450 3751 2647 3810 XXII.
2690 3750 2781 3810 De
2819 3750 3226 3828 syrophenisse
3267 3751 3522 3810 mulieris
3561 3749 3675 3809 filia
3712 3769 3747 3809 a

2531 3846 2845 3905 daemonio
2872 3845 3186 3903 liberatam.

2448 4102 2677 4162 XXIII.
2721 4101 2814 4161 De
2832 4102 3009 4161 surdo
3027 4121 3064 4160 a
3084 4102 3204 4161 d1‘10
3226 4113 3505 4178 mutoque
3523 4111 3742 4162 sanato.

2512 4459 2688 4509 XIIII.
2723 4462 3058 4508 daemonum
3072 4473 3107 4506 -ι-
3123 4475 3147 4507 r
3170 4458 3235 4506 K.

2513 4525 2628 4574 XV.
2662 4525 3071 4589 archisynagogis
3092 4524 3245 4573 Harl.
3303 4538 3563 4573 emoruosa
3585 4523 3739 4572 Harl.

2450 4593 2682 4704 N‘XzVII.
2718 4654 2784 4703 ad
2806 4657 2873 4704 1‘10
2896 4655 3058 4719 inepte
3079 4655 3388 4704 diriunctum
3413 4655 3479 4703 K.

2515 4721 2658 4770 XXI.
2684 4735 2885 4769 manum
2910 4720 2961 4768 K
2980 4720 3165 4769 Har-N.
3197 4720 3462 4768 inlatorum
3496 4719 3545 4768 Κ
3575 4720 3741 4770 Nanc.

2451 4786 2628 4835 Bamb.
2699 4785 2882 4850 dfilque
2903 4786 3056 4836 Harl.
3083 4787 3245 4835 Nanc.
3271 4785 3449 4834 Bamb.
