4717 6400
991 837 1220 900 περ.

1643 662 2171 726 SECUNDUM
2203 664 2339 725 MA
2357 664 2768 726 TTHEUM.

2052 838 2091 888 J
2120 837 2348 901 (bmes).

3736 684 3882 749 39.

3323 838 3378 887 K

596 926 853 988 LXXII.
894 927 990 987 De
1016 936 1319 1006 unguento
1345 927 1602 987 mulieris
1707 925 1834 985 LX.
1891 925 1984 987 De
2031 927 2236 988 decem
2281 929 2607 1005 uirginibus
2654 940 2713 989 et
2817 928 3038 989 LXXI.
3082 928 3176 989 De
3197 928 3404 990 decem
3425 928 3745 1006 uirginibus
3764 939 3823 988 et

679 1041 796 1100 que
822 1021 1078 1099 perfudit
1104 1032 1285 1099 caput
1311 1021 1431 1080 ihu.

595 1115 887 1176 LXXIII.
926 1116 1005 1175 Et
1040 1115 1178 1176 dicit
1210 1115 1300 1175 ihs
1326 1116 1403 1175 ad
1430 1115 1603 1175 disci·

680 1209 853 1288 pulos
889 1228 1031 1270 suos
1069 1209 1233 1288 quod
1272 1227 1426 1269 unus
1466 1226 1603 1269 eum

680 1303 933 1364 traderet
984 1314 1043 1363 et
1097 1304 1172 1364 de
1237 1314 1605 1364 sacramento

681 1398 945 1475 corporis
1015 1398 1102 1457 sui
1176 1407 1235 1457 et
1303 1397 1605 1476 sanguinis

684 1493 835 1552 dicit.

600 1958 915 2019 LXXIIII.
952 1958 1125 2019 Petro
1153 1957 1293 2018 diict
1322 1957 1486 2037 quod
1520 1967 1607 2017 ter

682 2054 1074 2129 abnegaturus
1119 2062 1271 2111 esset
1315 2061 1374 2111 et
1418 2052 1606 2111 oratio

682 2146 782 2205 ihu
828 2147 907 2206 ad
958 2157 1200 2225 patrem.
1299 2145 1420 2205 Ubi
1468 2162 1605 2204 eum

684 2241 918 2300 tradidit
945 2240 1112 2300 iudas
1140 2250 1199 2300 et
1214 2251 1416 2317 petrus
1436 2240 1606 2300 tertio

683 2335 1000 2413 abnegauit
1047 2345 1104 2394 et
1152 2334 1482 2394 lacrimatus
1517 2344 1605 2394 est

684 2437 744 2487 et
757 2430 859 2487 ubi
881 2428 1044 2488 iudas
1061 2427 1275 2505 laqueo
1299 2428 1605 2506 suspendit

682 2531 741 2581 et
778 2523 852 2581 de
886 2540 1031 2600 agro
1069 2521 1231 2599 figuli
1269 2534 1329 2582 et
1368 2523 1442 2582 de
1470 2540 1604 2600 pas-

684 2616 845 2676 sione
873 2615 974 2676 dni
1003 2616 1119 2676 ihu.

597 3842 843 3904 LXXV.
899 3843 992 3904 De
1029 3844 1451 3906 resurrectione
1499 3845 1603 3904 dni

676 3948 735 3997 et
788 3938 864 3999 de
912 3940 1206 4001 mandatis
1251 3941 1377 4000 eius
1425 3951 1481 3999 et
1527 3939 1601 3999 de

679 4033 986 4094 babtismo.

659 4418 876 4469 LXXII.
938 4420 1019 4469 De
1067 4420 1272 4470 muliere
1325 4437 1453 4486 quae
1507 4437 1596 4472 un-

589 4492 775 4549 guento
796 4485 862 4535 G.

659 4549 934 4600 LXXIIII.
978 4549 1059 4601 ins
1091 4558 1209 4601 ante
1238 4567 1369 4602 eum
1398 4553 1489 4602 sed
1511 4568 1595 4603 ex-

580 4621 833 4679 punctum
868 4617 935 4665 D.
1000 4619 1460 4668 tereumabn.iP
1509 4626 1594 4677 ,t.

587 4695 703 4729 eum
724 4697 836 4745 neg.
862 4681 926 4731 G.
999 4690 1055 4738 >
1073 4682 1216 4733 iudas
1247 4698 1363 4733 eum
1394 4692 1468 4734 tra
1504 4684 1598 4734 idit

590 4745 713 4809 ffQ.
766 4762 859 4796 om.
893 4749 997 4796 ubi
1023 4784 1035 4797 .
1061 4784 1074 4798 .
1100 4786 1111 4799 .
1136 4752 1302 4798 iudas
1324 4748 1389 4798 G.
1446 4758 1595 4813 negat

594 4846 607 4859 .
629 4848 643 4860 .
664 4847 677 4860 .
696 4810 981 4927 ladgeiihgatur
997 4813 1063 4862 G.
1130 4815 1455 4871 laqueo-ise
1477 4815 1592 4878 GQ.

589 4891 684 4924 om.
885 4916 898 4927 .

657 4941 869 4991 LXXV.
902 4942 989 4993 iliu
1005 4949 1106 5007 pro
1126 4946 1230 4993 dii
1252 4944 1427 5009 t-PGQ.
1474 4944 1591 4995 item

588 5006 668 5067 Ξ),
685 5007 804 5057 item
825 5015 874 5057 et
894 5008 1093 5072 Qitem
1129 5025 1190 5059 ue
1208 5010 1272 5060 G.
1310 5014 1593 5061 mandati·

604 5080 709 5122 *et
735 5072 797 5122 de
831 5074 1058 5123 doctrina
1144 5075 1206 5139 Q.
1273 5076 1511 5125 mandata
1541 5082 1593 5127 et

586 5137 814 5188 doctrina
836 5139 966 5200 (sine
985 5140 1074 5196 de)
1096 5140 1161 5190 G.
1216 5156 1311 5190 om,
1327 5145 1399 5192 de
1421 5158 1494 5192 sec
1515 5142 1589 5192 ΞΡ.

656 5203 854 5254 Subscr.
892 5204 933 5252 F
935 5205 1095 5254 iniunt
1111 5204 1286 5256 breues
1307 5222 1485 5257 causae
1507 5224 1591 5258 eu-

586 5269 773 5333 angelii
826 5270 1129 5319 saecundum
1194 5272 1468 5322 mattheum
1524 5273 1586 5336 Q.

588 5334 808 5398 Explicit
838 5335 1132 5400 enpitulatio
1165 5338 1434 5387 secundum
1469 5347 1591 5389 rnat-

587 5398 789 5448 thaeum
811 5399 877 5449 G.

651 5464 815 5514 Nihil
828 5464 1011 5515 habent
1031 5466 1157 5517 DZP.

1789 1019 1862 1080 de
1900 1022 2081 1081 tribus
2110 1023 2292 1082 seruis
2328 1024 2428 1101 qui
2468 1041 2710 1102 accepe-

1789 1123 1922 1173 runt
1951 1113 2183 1174 talenta.

1711 1950 1871 2010 LXI.
1927 1950 2020 2011 De
2067 1951 2306 2012 muliere
2350 1970 2506 2030 quae
2551 1955 2717 2014 unxit

1792 2045 1973 2122 pedes
2013 2046 2126 2105 Ihu
2213 2056 2272 2105 et
2333 2048 2433 2105 ubi
2490 2048 2717 2125 accepit

1792 2139 1971 2199 Iudas
2000 2141 2234 2217 triginta
2261 2151 2523 2201 stateres,

1710 2232 1907 2293 LXII.
1951 2233 2045 2293 De
2084 2234 2466 2296 Sacramento
2502 2235 2714 2296 tradito

1794 2328 2094 2406 discipulis
2122 2330 2184 2388 in
2213 2330 2431 2390 Caena.

1709 3851 1933 3912 LXIII.
1964 3852 2055 3913 De
2066 3851 2346 3912 Passione
2371 3850 2709 3913 saluatoris..

1709 3946 1967 4007 LXIIII.
1986 3947 2079 4007 De
2100 3946 2549 4007 Resurrectione
2567 3946 2708 4005 eius.

1765 4417 1961 4466 Subscr.
2022 4417 2382 4481 Explicuerunt
2422 4416 2703 4482 capitulati-

1699 4496 1834 4532 ones.
1903 4482 2212 4533 Emmanuel.
2258 4485 2437 4533 Amen.

2898 1023 3118 1082 talenta
3144 1024 3327 1083 seruis
3355 1021 3578 1082 tradita.

2817 1116 3067 1176 LXXII.
3092 1116 3184 1176 De
3202 1117 3606 1194 segregatione
3623 1115 3822 1176 ouium

2898 1221 2956 1269 et
2985 1210 3285 1271 hedomm.

2820 1303 3103 1363 LXXIII.
3168 1304 3287 1364 Ubi
3345 1303 3484 1363 dicit
3539 1303 3651 1363 diis
3707 1303 3822 1363 dis-

2900 1398 3105 1475 cipulis
3160 1399 3323 1476 quod
3395 1398 3618 1475 pascha
3686 1408 3825 1475 post

2902 1491 3143 1551 biduum
3184 1502 3337 1551 esset
3371 1503 3429 1552 et
3467 1491 3541 1550 de
3578 1490 3824 1551 muliere

2902 1586 3058 1663 quod
3158 1595 3459 1664 unguento
3569 1584 3817 1661 perfudit

2902 1689 3079 1757 caput
3146 1678 3267 1738 ihm
3322 1689 3381 1738 et
3435 1679 3595 1757 quod
3658 1679 3825 1739 iudas

2901 1775 3151 1850 pretium
3197 1773 3421 1851 petierit
3466 1783 3531 1832 ut
3574 1772 3825 1832 traderet

2905 1867 3271 1926 saluatorem.

2821 2147 3138 2209 LXXIIII.
3179 2147 3299 2207 Ubi
3331 2148 3496 2206 iussit
3524 2146 3826 2224 discipulis

2903 2243 3157 2302 saluator
3193 2251 3257 2301 ut
3293 2251 3565 2319 pararent
3602 2240 3822 2317 pascha

2902 2345 2961 2395 et
3015 2336 3087 2396 de
3143 2345 3512 2395 sacramento
3561 2335 3824 2413 corporis

2902 2430 3021 2490 suis
3049 2427 3198 2509 (sic).

2822 2522 3069 2582 LXXV.
3141 2522 3325 2596 Quod
3380 2521 3824 2583 scandalizaturi

2899 2627 3095 2676 essent
3122 2618 3388 2695 discipuli
3417 2617 3480 2674 in
3514 2627 3688 2676 nocte
3729 2615 3823 2675 illa

2902 2720 2959 2770 et
2987 2712 3172 2771 oratio
3200 2712 3299 2770 ihu
3327 2709 3402 2770 ad
3431 2719 3675 2788 patrem.

2821 2804 3099 2864 LXXVI.
3143 2804 3263 2863 Ubi
3311 2804 3450 2863 dicit
3508 2804 3622 2863 dns
3671 2812 3823 2862 tam-

2901 2916 3082 2975 quam
3110 2898 3185 2956 ad
3203 2898 3487 2957 latronem
3507 2898 3742 2956 uenistis
3762 2908 3826 2956 ut

2899 2994 3280 3068 interrogatur
3302 2992 3350 3050 si
3375 2992 3497 3069 ipse
3521 3001 3673 3050 esset
3690 2996 3823 3067 xpS.

2819 3084 3131 3143 LXXVII.
3176 3084 3293 3144 Ubi
3322 3085 3486 3144 iudas
3516 3084 3823 3162 paenitens

2900 3180 3148 3258 pretium
3176 3179 3419 3260 proiecit
3447 3179 3508 3238 in
3538 3178 3782 3257 temp10.

2818 3273 3160 3333 LXXVIII.
3202 3273 3323 3333 Ubi
3351 3274 3494 3334 latro
3522 3273 3823 3333 dimittitur

2899 3379 2958 3428 et
2987 3369 3272 3427 innocens
3300 3373 3413 3444 xps
3441 3367 3805 3445 crucifigitur.

2816 3461 3192 3522 LXXVIIII.
3220 3461 3403 3535 Quod
3422 3462 3626 3539 ioseph
3656 3480 3821 3538 sepe-

2897 3558 3040 3616 lierit
3069 3557 3229 3615 dfim.

2816 3650 3065 3710 LXXX.
3111 3650 3343 3727 Corpus
3373 3650 3474 3709 ihu
3502 3650 3821 3710 custoditur

2897 3764 2972 3804 ne
3001 3764 3038 3805 a
3063 3743 3359 3821 discipulis
3387 3743 3633 3803 tollatur.

2815 3850 3094 3910 LXXXI.
3139 3849 3514 3910 Resurrectio
3571 3849 3671 3909 dni
3719 3850 3818 3909 ihu

2894 3956 2953 4005 et
3018 3944 3219 4004 omnia
3286 3944 3564 4003 mandata
3623 3954 3682 4004 et
3744 3945 3820 4003 de

2894 4038 3204 4116 baptismo.
3820 4034 3828 4047 '

2871 4427 3071 4477 Subscr.
3124 4427 3415 4493 Expliciunt
3471 4426 3695 4493 capitula
3761 4428 3812 4477 in

2805 4494 3102 4545 mattheum.
