4717 6400
891 637 1018 704 274

2274 902 2737 986 CAPITU
2756 901 2913 984 LA
2995 901 3130 984 IN
3220 901 4091 986 EUANGELIUM

956 1117 1196 1181 Capitula
1217 1123 1416 1166 exstant
1437 1117 1495 1165 in
1520 1115 1821 1167 ABCDOEPG
1829 1116 1967 1166 Hos
1977 1118 2221 1181 (capitula
2241 1126 2290 1167 et
2309 1118 2853 1183 breues)KOQTVXY
2869 1133 2984 1167 our.

951 1199 1019 1247 ln
1045 1198 1109 1247 W
1133 1198 1346 1248 habetur
1363 1205 1568 1247 tantum
1595 1199 1761 1247 breuis
1786 1199 2078 1263 capitulatio
2109 1206 2170 1248 ut
2197 1203 2434 1266 seqm'tur
2453 1201 2534 1251 De
2562 1202 2754 1251 uisione
2781 1200 3007 1251 zacharie
3038 1200 3124 1264 qui
3159 1200 3364 1249 uerbum
3398 1200 3569 1263 angeli
3600 1198 3720 1264 quia
3751 1215 3851 1249 non
3886 1198 4097 1250 credidit

885 1281 1135 1331 obmutuit
1154 1298 1167 1341 ;
1192 1280 1448 1332 Elisabeth
1469 1296 1593 1330 uxor
1610 1282 1716 1330 eius
1739 1281 1981 1345 concepit.
2045 1281 2200 1331 maria
2220 1285 2421 1348 quando
2443 1284 2506 1332 de
2528 1288 2622 1348 spu
2643 1287 2729 1333 sco
2751 1280 3032 1347 concipiens
3053 1279 3289 1330 salutauit
3310 1281 3553 1331 elisabeth
3572 1298 3587 1343 3
3617 1280 3863 1333 elisabeth
3885 1281 4098 1332 salutata

885 1363 1200 1427 prophetauit
1222 1370 1271 1413 et
1293 1363 1486 1428 peperit
1505 1379 1519 1422 ;
1553 1370 1602 1412 et
1623 1369 1679 1412 ut
1702 1377 1883 1412 nomen
1906 1362 2001 1411 filii
2023 1362 2099 1412 sui
2122 1363 2351 1414 iohannis
2374 1365 2624 1415 zacharias
2645 1364 2839 1429 scripsit
2857 1381 2871 1425 3
2905 1362 3099 1412 locutus
3120 1370 3209 1411 est.

949 1445 1152 1495 Desunt
1169 1446 1394 1510 capitula
1417 1446 1475 1494 in
1500 1444 1867 1506 EFLMMRZ,
1890 1452 1939 1494 et
1958 1459 2056 1508 vg„
2073 1445 2467 1512 edinbnibusque
2487 1446 2717 1512 antiquis
2738 1463 2837 1495 exc.
2862 1444 3042 1495 Kesler
3056 1444 3179 1507 1487
3203 1458 3330 1508 quae
3341 1451 3455 1507 post
3466 1443 3830 1510 praefationem
3856 1446 3931 1494 ita
3954 1445 4098 1495 habet

884 1527 1068 1592 Incipit
1092 1527 1353 1592 registrum
1376 1529 1425 1576 in
1451 1529 1639 1578 Lucam
1662 1528 1801 1577 cuius
1824 1536 1937 1577 suut
1960 1528 2139 1592 uiginti
2161 1538 2376 1593 quatuor
2397 1530 2617 1595 capitula
2636 1547 2649 1589 3
2683 1529 2858 1578 deinde
2877 1532 3164 1591 sequuntur
3181 1526 3418 1589 capitula.

1207 1792 1413 1843 AHVY
1427 1792 1582 1844 Harl.
1612 1810 1636 1843 a
1646 1805 1756 1860 797.

880 1881 1157 1930 Edidimus
1182 1898 1246 1932 ex
1272 1884 1427 1933 coelia
1447 1884 1496 1932 A
1524 1885 1618 1947 (ed.
1648 1886 1833 1947 Tisch.)
1856 1902 1969 1935 cum
1992 1887 2080 1937 col-

946 1960 1132 2009 latione
1146 1960 1275 2011 codd.
1296 1962 1436 2022 rell.;
1469 1961 1530 2026 qs.
1563 1964 1615 2012 T
1606 1964 1887 2013 homasium
1913 1966 2008 2014 uol.
2037 1967 2082 2014 I.

939 2044 991 2101 p.
1018 2049 1128 2101 305,
1152 2037 1245 2086 ubi
1259 2054 1324 2087 ex
1348 2039 1395 2087 V
1418 2047 1583 2090 nostro
1604 2042 1869 2106 impressit.

882 2359 929 2417 L
975 2359 1337 2422 Praefatione
1371 2362 1533 2422 lucas
1565 2363 1863 2442 theophilo
1903 2385 2085 2426 euan-

962 2456 1180 2532 gelium
1232 2456 1448 2516 indicat
1502 2476 1608 2534 per
1661 2460 1932 2520 ordinem
1981 2462 2079 2521 de-

964 2550 1331 2627 scripturum.

883 2639 965 2699 11.
1010 2639 1411 2701 Sacerdotium
1461 2644 1591 2702 iusti
1642 2644 1940 2706 zachariae
1990 2665 2083 2705 re-

963 2733 1142 2794 fertur
1189 2745 1249 2794 et
1297 2738 1448 2796 uisio
1497 2740 1558 2795 in
1602 2739 1828 2816 templo
1872 2758 1989 2818 qua
2030 2742 2083 2800 ei

962 2829 1111 2887 filius
1145 2830 1360 2906 angelo
1395 2832 1691 2892 reuelante
1730 2835 2085 2910 promittitur

963 2924 1282 2983 nasciturus
1330 2925 1495 2985 cuius
1543 2927 1720 2986 etiam
1775 2930 2084 3005 conceptio

961 3028 1332 3077 memoratur.

881 3109 991 3168 111.
1038 3109 1255 3171 Missus
1294 3114 1537 3189 angelus
1566 3114 1639 3174 ad
1673 3116 1918 3175 mariam
1948 3136 2082 3177 nas-

962 3206 1208 3265 citurum
1258 3207 1511 3285 loquitur
1561 3210 1915 3270 saluatorem
1963 3231 2082 3290 quo

962 3318 1102 3359 mox
1139 3313 1432 3381 concepto
1474 3304 1753 3364 salutatur
1795 3307 1870 3365 ab
1912 3307 2079 3366 elisa-

962 3391 1100 3453 beth
1146 3395 1442 3455 exultante
1489 3397 1551 3456 in
1602 3409 1771 3458 utero
1827 3397 2082 3460 iohanne

962 3487 1121 3547 unde
1163 3499 1297 3565 post
1337 3489 1396 3547 iii
1437 3508 1670 3551 menses
1722 3511 1952 3553 reuersa
1994 3505 2083 3552 est

963 3581 1026 3638 in
1055 3581 1298 3640 domum
1326 3601 1509 3643 suam.

882 3674 1026 3734 1111.
1071 3674 1232 3735 Nato
1259 3675 1514 3737 iohanne
1536 3695 1656 3738 uox
1676 3680 1893 3758 eloquii
1916 3693 2083 3742 muto

964 3768 1220 3829 redditur
1289 3773 1440 3847 patri
1511 3772 1646 3832 ilico
1711 3774 2080 3851 prophetanti

963 3881 1109 3939 puer
1136 3864 1196 3920 in
1225 3863 1456 3925 deserto
1483 3877 1572 3926 est
1609 3885 1795 3946 usque
1830 3870 1889 3927 in
1923 3869 2079 3929 diem

964 3958 1318 4017 ostensionis
1345 3978 1486 4020 suae
1514 3960 1588 4020 ad
1616 3961 1839 4022 israhel.

883 4144 957 4204 V.
1004 4144 1274 4205 Refertur
1301 4148 1556 4208 edictum
1592 4152 1844 4212 caesaris
1882 4162 1941 4211 et
1977 4170 2081 4211 na-

965 4239 1156 4298 tiuitas
1184 4238 1382 4299 christi
1409 4244 1737 4318 pastoribus
1767 4247 1843 4305 ab
1870 4246 2083 4323 angelo

966 4333 1258 4393 nuntiatur
1283 4354 1418 4393 cum
1455 4355 1576 4415 quo
1603 4339 1865 4399 caelestis
1890 4340 2081 4399 multi·

965 4427 1108 4488 tudo
1126 4429 1280 4488 canit
1300 4430 1482 4506 gloria
1509 4431 1570 4490 in
1599 4433 1843 4493 excelsis
1870 4434 2000 4494 deo,

886 4521 990 4579 VI.
1035 4522 1276 4598 Angelis
1305 4523 1790 4587 descendentibus
1818 4539 2081 4605 pastores

968 4615 1208 4693 profecti
1265 4617 1617 4679 saluatorem
1667 4622 1726 4679 in
1777 4623 2082 4699 praesepio

966 4710 1219 4787 positum
1270 4725 1646 4789 reppererunt
1688 4717 1864 4776 deum
1905 4736 2081 4795 super

968 4804 1059 4863 his
1086 4822 1237 4880 quae
1267 4806 1543 4866 uidebant
1573 4810 2008 4871 conlaudantes,

1635 4921 1904 4929 ---—————-

952 4954 991 5003 1.
1065 4952 1272 5003 raesatio
1298 4954 1366 5004 H.

954 4969 1063 5068 1111.³
1089 5035 1180 5068 om.
1206 5023 1277 5068 ab
1300 5021 1458 5069 Harl.

954 5083 1017 5133 V.
1049 5099 1142 5133 om.
1166 5091 1226 5134 et
1248 5086 1403 5136 Harl.
1428 5087 1598 5138 Thone.
1667 5094 1923 5140 caelestis
1940 5106 1976 5143 4-
1991 5092 2077 5140 mi-

887 5149 1531 5279 giixaeethIS-{LHarl.‚Thom.
1600 5159 1708 5206 deo
1735 5169 1770 5206 «1-
1798 5165 1846 5205 et
1874 5158 1922 5205 iu
1956 5165 2082 5207 terra

953 5279 1044 5328 VI.
1077 5277 1438 5333 discedentibus
1464 5284 1516 5332 H
1537 5285 1763 5337 Harl.”'·
1780 5287 1950 5337 Thone.
2007 5289 2081 5337 ui-

887 5344 1059 5396 derant
1083 5345 1153 5396 H.

2248 4962 2289 5009 1.
2306 4965 2636 5013 zaccharias
2651 4976 2689 5014 4-
2703 4964 2907 5016 offerens
2922 4968 3079 5032 alap.

3197 1793 3323 1844 Bos
3334 1790 3646 1858 (breues30X
3656 1794 3778 1842 Par.
3789 1794 3903 1843 Lat.
3918 1796 4093 1858 10438.

3197 1882 3273 1947 Cf.
3310 1883 3481 1933 Thom.
3506 1883 3550 1933 I.
3566 1890 3621 1947 p.
3649 1895 3760 1947 340.

3189 1962 3469 2011 Edidimus
3496 1977 3560 2011 ex
3587 1962 3741 2011 codice
3763 1963 3811 2011 X
3838 1969 3887 2011 et
3913 1963 4094 2012 uarias

3254 2040 3479 2089 lectiones
3515 2039 3724 2102 exceptis
3758 2039 3826 2088 iis
3867 2055 3993 2104 quae
4026 2039 4098 2088 ad

3253 2117 3661 2181 orthographiam
3726 2123 3960 2180 spectant,
4031 2118 4090 2166 in

3256 2196 3446 2245 notulis
3467 2195 3806 2243 adhibuimus.

2327 1801 2468 1863 C(T)
2501 1802 2671 1851 Thom.
2696 1801 2743 1849 I.
2757 1806 2812 1863 p.
2839 1812 2950 1861 334.

2186 1890 2464 1941 Edidimus
2494 1908 2558 1941 ex
2588 1892 2741 1941 codice
2772 1891 2813 1941 C
2849 1888 3089 1938 adhibitis

2253 1968 2311 2017 in
2356 1971 2547 2019 notulis
2591 1970 2759 2018 uariis·
2802 1966 3089 2018 lectionibus

2250 2047 2463 2111 exceptis
2505 2048 2573 2096 iis·
2617 2063 2744 2112 quae
2786 2047 2857 2095 ad
2897 2059 3087 2094 meram

2248 2125 2658 2189 orthographiam
2680 2131 2912 2188 spectant.
2974 2123 3085 2173 Lit-

2250 2208 2384 2250 terae
2407 2203 2657 2266 nigriores
2672 2202 2730 2251 in
2748 2203 2900 2251 codice
2916 2200 3085 2250 rubri-

2249 2286 2385 2328 catae
2405 2287 2541 2328 sunt.

2191 2370 2403 2419 Collatio
2446 2371 2783 2434 capitulorum
2827 2371 3003 2420 codicis
3039 2371 3085 2418 T

2252 2448 2391 2497 nobis
2413 2463 2515 2497 non
2530 2455 2728 2512 praesto
2747 2454 2872 2497 crat.

3190 2646 3237 2706 1.
3310 2646 3618 2705 Zacharias
3687 2647 3897 2722 angelo
3967 2667 4086 2709 non

3268 2739 3513 2800 credens
3539 2741 3828 2799 obmutuit

2184 2650 2244 2706 1.
2303 2649 2702 2707 zaccharias
2756 2650 2909 2707 uiso
2969 2665 3084 2707 an-

2349 2745 2502 2812 gelo
2542 2745 2708 2812 quia
2753 2758 2893 2801 non
2940 2758 3083 2802 cro-

2348 2838 2528 2895 dicut
2558 2839 2972 2897 hobmutuit.

2268 2928 2605 2988 Aelisabeth
2691 2930 2879 2989 huxor
2960 2931 3083 2989 eius

2349 3024 2633 3102 concepit.

2270 3115 2463 3176 Maria
2490 3135 2728 3195 quoque
2770 3118 2845 3178 de
2883 3119 3083 3196 spiritu

2349 3220 2453 3272 sco
2493 3231 2677 3291 quum
2727 3216 3087 3291 concepisset

2351 3307 2618 3366 salutauit
2646 3308 2983 3369 helisabeth.

2267 3399 2606 3461 Aelisabeth
2652 3402 2896 3461 salutata
2951 3422 3084 3480 pro-

2351 3495 2610 3571 phetauit
2636 3507 2694 3556 et
2721 3497 2960 3574 peperit.

3186 2946 3256 2987 ac
3336 2938 3718 3005 posteaquam
3804 2928 4086 2988 elisabeth

3267 3022 3491 3099 peperit
3519 3023 3745 3082 locutus
3772 3033 3858 3081 est
3880 3023 4086 3082 zacha-

3270 3117 3384 3175 rias
3410 3126 3468 3176 et
3496 3116 3867 3194 prophetauit

2269 3682 2345 3741 Et
2402 3682 2507 3741 hut
2566 3701 2787 3744 nomen
2844 3685 2944 3744 filii
2995 3686 3084 3746 sui

2352 3777 2637 3836 Iohannis
2755 3780 3084 3840 zaccharias

2348 3873 2573 3949 scripsit
2591 3873 2817 3934 locutus
2834 3885 2957 3934 aest
2973 3874 3081 3935 hac

2351 3966 2532 4025 filiurn
2562 3969 2913 4043 praeiturum
2947 3980 3082 4029 ante

2349 4060 2653 4120 dominum
2682 4062 3066 4140 prophetauit.

2270 4152 2662 4231 Posteaquam
2700 4159 2922 4234 peperit
2953 4158 3081 4218 Ma-

2350 4249 2434 4307 ria
2489 4249 2621 4307 Ihm
2678 4251 2957 4311 infantem
3022 4254 3081 4312 in

2349 4344 2653 4420 praesepio
2680 4347 2891 4422 posuit.

3186 4151 3454 4212 natiuitas
3538 4153 3636 4213 inu
3705 4156 3782 4215 ab
3864 4157 4080 4234 angelis

3268 4247 3592 4323 pastoribus
3619 4249 3866 4310 indioeta

2268 4529 2466 4603 Quem
2488 4543 2747 4608 pastores
2765 4534 2922 4594 iuxta
2939 4535 3080 4596 han-

2348 4623 2613 4700 gelorum
2664 4628 2874 4688 indicia
2921 4629 3079 4690 inue-

2348 4720 2531 4778 niunt.

3252 4974 3291 5022 1.
3328 4977 3612 5023 zacharias
3633 5013 3644 5024 .
3663 5009 3677 5023 .
3698 5011 3709 5023 .
3733 4981 3963 5027 creden·
3985 4994 4079 5027 om.

2192 5026 2364 5077 Thom.
2454 5032 2607 5078 aslis.
2664 5034 2935 5082 munta:
2993 5034 3081 5083 illa
3185 5039 3247 5088 Ο.
3321 5042 3470 5088 sach.
3489 5054 3519 5089 4
3541 5039 3650 5089 uiso
3685 5041 3773 5090 ΒΘ
3797 5043 3966 5092 Thone.
4032 5053 4082 5092 et

2183 5091 2398 5142 salutata
2435 5094 2581 5144 Alex.
2626 5108 2699 5159 ¹4
2768 5096 3065 5150 Iohannes-i-
3183 5111 3505 5169 posteaquam
3562 5105 3623 5154 Ο.
3689 5105 3939 5157 elesabeth
3990 5108 4080 5159 0⁸.

2181 5167 2310 5208 esset
2342 5159 2512 5209 Thom.
3180 5170 3361 5232 angelo
3384 5170 3439 5218 J.
3506 5170 3752 5220 indicatur
3776 5173 3900 5223 ΒΘ]
3913 5174 4080 5224 Thone.

3129 5343 3135 5412 ἔ

3128 5427 3136 5470 1
