4717 6400
857 693 935 758 28
1811 691 2267 756 CAPITULA
2319 694 2443 756 IN
2474 694 2542 753 E
2546 695 2653 755 UA
2664 694 2743 755 N
2741 694 2975 756 GELI
2976 694 3122 754 ΠΜ

1350 865 1563 915 AUVY.

934 960 1193 1019 dicentes
1220 957 1280 1018 id
1307 959 1493 1019 facere
1535 957 1917 1036 responsione
1946 977 2052 1017 sua

933 1052 1172 1112 destruit
1227 1053 1427 1112 dicens
1496 1052 1920 1130 blasphemiam
1988 1052 2051 1111 in

934 1158 1203 1208 sanctum
1273 1148 1537 1223 spiritum
1608 1165 1730 1206 non
1802 1147 2051 1207 remitti:

933 1245 1205 1304 arborem
1243 1261 1479 1320 quoque
1525 1261 1598 1301 ex
1645 1241 1832 1301 fructu
1874 1260 2050 1319 posse

935 1338 1233 1415 cognosci,
1291 1348 1348 1396 et
1397 1338 1682 1395 rationem
1755 1337 1828 1396 de
1869 1337 2054 1396 uerbo

933 1435 1126 1493 otioso
1156 1434 1214 1490 in
1243 1431 1396 1490 diem
1426 1432 1620 1491 iudicii
1648 1431 1824 1491 reddi.

852 1525 1106 1584 XLIIII.
1148 1524 1471 1584 Pharisaeis
1521 1526 1757 1601 signum
1804 1525 2048 1602 petenti-

932 1621 1042 1679 bus
1089 1619 1261 1679 ionae
1306 1620 1539 1696 signum
1583 1620 1707 1678 dari
1749 1620 2047 1696 praedicit,

934 1715 1220 1773 nineuitas
1261 1724 1319 1773 et
1360 1715 1623 1791 reginam
1666 1714 1843 1773 austri
1888 1731 2050 1774 com-

933 1826 1269 1867 memorans
1294 1818 1353 1867 et
1380 1809 1454 1867 de
1497 1808 1702 1885 spiritu
1744 1807 2053 1867 immundo

935 1902 1381 1979 septempliciter
1408 1903 1470 1961 in
1496 1902 1735 1961 homine
1777 1902 2054 1960 redeunte

935 1995 1255 2072 disputans.

854 2087 1040 2147 XLV.
1084 2088 1337 2149 Matrem
1382 2098 1439 2149 et
1487 2088 1690 2148 fratres
1738 2088 2055 2166 discipulos

935 2184 1073 2243 dicit
1121 2183 1215 2243 uel
1260 2202 1498 2243 omnem
1544 2184 1644 2261 qui
1693 2183 1872 2260 patris
1928 2183 2052 2242 eius

934 2278 1127 2337 fecerit
1161 2279 1538 2337 uoluntatem.

855 2372 1073 2431 XLVI.
1120 2372 1342 2432 Sedens
1384 2391 1558 2448 super
1599 2390 1759 2431 mare
1800 2373 2053 2448 parabo-

935 2467 1052 2524 lam
1095 2467 1235 2526 dicit
1274 2466 1493 2525 fructus
1525 2467 1853 2538 tricensimi,
1886 2484 2053 2524 sexa-

936 2561 1203 2636 gensimi,
1247 2569 1306 2619 et
1347 2561 1710 2631 centensimi,
1741 2578 1922 2638 quam
1964 2578 2054 2619 se-

935 2673 1139 2713 orsum
1167 2655 1408 2731 exponit
1436 2654 1746 2731 discipulis.

854 2842 1105 2903 XLVII.
1123 2843 1472 2902 Parabolam
1490 2843 1563 2902 de
1582 2843 1811 2903 zizaniis
1828 2860 2056 2920 ponens

935 2939 1120 3013 iungit
1140 2937 1213 2998 de
1230 2957 1417 3016 grano
1436 2939 1655 3015 sinapis
1670 2947 1729 2998 et
1748 2936 2052 3009 fermentO,

935 3043 1248 3109 postquam
1290 3033 1531 3109 exponit
1559 3032 1912 3091 zizaniorum
1951 3049 2056 3110 pa-

936 3126 1195 3186 rabolam
1225 3127 1519 3205 discipulis
1547 3127 1698 3186 intra
1725 3126 1984 3187 domurn.

854 3500 1135 3560 XLVIII.
1177 3500 1464 3560 Thesauri
1481 3499 1574 3560 uel
1597 3501 1940 3578 margaritae
1968 3520 2057 3560 re-

938 3604 1136 3671 pertae
1178 3596 1615 3673 comparatione
1653 3595 1955 3672 proposita
1983 3596 2057 3653 si-

936 3687 1148 3747 militer
1228 3690 1569 3766 parabolam
1654 3689 1730 3749 de
1816 3691 2056 3766 saginae

938 3783 1194 3859 piscibus
1223 3784 1561 3860 separandis
1587 3784 1844 3862 exponit.

855 4344 1076 4406 XLIX.
1145 4347 1494 4408 Mirantibus
1581 4365 1644 4407 se
1713 4350 2062 4427 prophetam

934 4442 1080 4501 dixit
1120 4442 1405 4503 honorem
1460 4445 1521 4504 in
1561 4463 1669 4505 sua
1708 4446 1896 4524 patria
1936 4463 2059 4505 non

937 4535 1168 4598 habere.

2577 866 2639 916 C.
3246 864 3432 915 ΒΗΘ]
3437 864 3484 913 Τ
3503 881 3620 914 aar.
3642 866 3799 916 Harl.
3827 876 3969 930 2797.

2227 958 2300 1016 iii.
2342 958 2421 1016 Et
2443 958 2503 1016 in
2525 959 2785 1036 principe
2813 958 3056 1017 daemo-
3163 957 3241 1016 Et
3277 958 3339 1016 in
3378 957 3642 1034 principe
3685 956 4066 1018 daemonior-

2404 1053 2636 1111 niorum
2722 1054 2784 1112 id
2867 1051 3058 1112 facere
3245 1069 3349 1109 um
3366 1052 3424 1110 id
3444 1050 3636 1110 facere
3655 1070 3791 1111 eum
3811 1052 4067 1130 opinan-

2402 1147 2708 1224 opinantes
2736 1146 3004 1206 dextruit.
3246 1155 3345 1211 tes
3363 1144 3674 1222 redarguit.

2198 1523 2290 1582 iiii.
2334 1521 2620 1582 Phariseis
2675 1523 2908 1600 signum
2955 1541 3062 1600 pe·
3166 1522 3352 1582 Ionae
3394 1529 3452 1580 et
3506 1522 3895 1581 nineuitarum
3951 1522 4068 1600 sig-

2401 1618 2655 1677 tentibus
2731 1616 2917 1677 Ionae
3001 1627 3060 1676 et
3247 1633 3393 1674 num
3419 1615 3735 1693 pharisaeis
3769 1617 4068 1693 promittit.

2403 1712 2792 1771 nineuitarum
2820 1712 3053 1789 signum

2404 1806 2597 1865 tradit.

2242 2109 2292 2149 v.
2336 2089 2590 2148 Matrem
2686 2098 2743 2148 et
2853 2087 3060 2149 fratres
3169 2086 3423 2146 Matrem
3449 2096 3507 2146 et
3533 2086 3736 2146 fratres
3764 2087 4004 2163 spernit.

2406 2183 2646 2262 spernit.

2159 2375 2362 2433 XIII.
2432 2375 2686 2432 Sedens
2740 2373 2817 2430 in
2867 2374 3060 2432 naui-
3166 2369 3337 2428 XIII.
3408 2368 3502 2427 De
3559 2367 3832 2428 nauicula
3886 2369 4068 2428 turbis

2322 2471 2479 2527 cula
2521 2470 2643 2526 Ins
2679 2469 2903 2526 turbis
2941 2485 3059 2540 pa·
3245 2463 3552 2542 parabolas
3565 2462 3834 2539 exponit.

2320 2565 2590 2622 rabolas
2630 2563 2956 2634 exponite
2998 2563 3059 2621 id

2322 2667 2431 2716 est.

2257 2847 2293 2905 i.
2334 2844 2432 2906 De
2482 2846 2808 2905 seminante
2854 2862 3057 2905 semen

2403 2940 2784 3000 centesimum
2892 2957 3060 2998 sexa-

2403 3035 2734 3112 gensimum
2767 3043 2825 3094 et
2852 3035 3058 3094 tricen-

2404 3130 2635 3190 simum.

2250 3225 2304 3284 ii.
2346 3224 2442 3285 De
2470 3225 2710 3303 zyzania
2737 3225 2798 3283 in
2827 3224 3056 3284 trittico.

2221 3319 2292 3378 iii.
2334 3319 2428 3379 De
2457 3338 2644 3396 grano
2672 3320 2925 3397 synapis.

2200 3415 2296 3475 iiii.
2340 3414 2432 3474 De
2462 3414 2746 3474 fermento
2766 3412 3056 3474 habscon-

2405 3509 2529 3568 dito
2556 3508 2616 3566 in
2646 3508 2847 3567 farina.

2244 3623 2295 3662 v.
2338 3603 2417 3662 Et
2478 3603 2697 3664 exoluit
2766 3602 3061 3680 discipulis

2408 3696 2749 3774 parabolam
2833 3697 3062 3774 zyzani-

2407 3810 2593 3852 orum.

2231 3887 2302 3945 vi.
2345 3885 2666 3946 Parabolas
2686 3885 2760 3945 de
2787 3885 3062 3946 thesauro

2408 3982 2470 4040 in
2499 3998 2662 4058 agro.

2207 4075 2299 4134 vii.
2340 4074 2437 4134 De
2464 4077 2625 4135 bona
2653 4074 2980 4150 margarita.

2184 4169 2293 4229 viii.
2334 4168 2429 4228 De
2504 4169 2648 4228 retia
2739 4169 2918 4227 missa
3003 4168 3065 4226 in

2411 4263 2576 4321 mari.

2165 4358 2296 4417 viiii.
2339 4355 2699 4434 Prophetam
2759 4356 2822 4415 in
2880 4356 3066 4433 patria
3171 4354 3529 4433 Prophetam
3597 4356 3659 4414 in
3727 4356 3914 4433 patria
3969 4373 4076 4415 sua

2412 4469 2518 4510 sua
2535 4450 2657 4510 sine
2674 4450 2898 4510 honore
2919 4469 3063 4510 esse.
3255 4450 3379 4510 sine
3405 4449 3634 4509 honore
3662 4467 3791 4509 esse
3820 4450 3973 4510 dicit.

857 4722 925 4782 L.
969 4723 1250 4786 Iohannis
1290 4728 1368 4786 ab
1404 4726 1624 4787 herode
1665 4729 1844 4789 occisi
1883 4737 2063 4805 caput
2172 4738 2412 4795 XIIII.
2470 4739 2571 4795 De
2598 4736 2922 4794 Ihoannis
2958 4749 3066 4794 oa·
3173 4738 3339 4799 XIV.
3381 4737 3477 4797 De
3498 4737 3768 4798 iohannis
3794 4737 3989 4815 capite
4016 4738 4077 4797 in

936 4817 1137 4877 datum
1166 4820 1404 4879 refertur
1432 4823 1494 4880 in
1522 4822 1703 4882 disco.

924 4965 1117 5018 XLIII.
1159 4974 1216 5024 >
1233 4969 1459 5034 spiritum
1482 4975 1709 5019 sanctum
1738 4967 1913 5020 Thom.

2327 4831 2477 4901 pite
2503 4831 2579 4888 in
2606 4832 2816 4890 disco.
3257 4833 3438 4892 disc0.

2231 4979 2381 5029 XIII.
2411 4979 2446 5027 i.
2480 4977 2543 5027 de
2559 4977 2850 5028 seminantis
2869 4977 3071 5027 semine.
3233 4981 3612 5030 X11.0m.eum
3626 4995 3744 5029 aar.
3760 4982 4078 5038 redu-tuit:

2164 5060 2210 5093 v.
2244 5044 2462 5095 exsoluit
2483 5044 2531 5094 d.
2555 5043 2840 5110 parabolas
3178 5047 3388 5097 destruit
3432 5045 3596 5095 ΒΗΘ.
3700 5045 3961 5110 opinantes
3993 5045 4080 5094 de·

3180 5113 3451 5163 structione
3487 5119 3539 5161 et
3574 5110 3741 5163 nineu.
3779 5127 3899 5160 aur.
3971 5110 4078 5173 (de-

3183 5179 3427 5228 tractione
3489 5179 3655 5241 lapsu,
3710 5184 3812 5241 pro
3877 5176 4071 5225 destrui

3183 5245 3348 5304 ionae,
3392 5244 3638 5307 sm'ptum
3694 5259 3795 5292 esse
3847 5241 4078 5302 uidetur)

3181 5312 3496 5368 promittit:
3544 5307 3697 5358 tradit
3747 5307 3845 5358 BH
3884 5307 4079 5371 edidit)

3185 5375 3231 5425 Θ
3254 5374 3545 5436 aur.(·det).

3250 5440 3399 5491 xm.
3431 5455 3524 5490 om.
3551 5454 3654 5490 sun.
3675 5453 3791 5487 aur.
