4717 6400
839 680 964 765 298
1792 682 1899 744 CA
1907 681 2248 744 PITULA
2299 683 2418 744 IN
2452 682 2520 741 E
2524 683 2714 743 UAN
2713 682 2945 746 GELI
2947 681 3091 741 {JM

1160 850 1365 902 AHVY
1378 852 1536 903 Harl.
1564 860 1706 916 2797·

837 945 1124 1005 LXVIII.
1167 965 1205 1005 x
1251 944 1495 1022 leprosis
1542 943 1839 1004 mundatis
1886 962 2037 1004 unus

921 1051 1147 1100 tantum
1170 1051 1227 1099 et
1245 1037 1358 1099 hoc
1380 1039 1704 1116 alienigena
1725 1038 1802 1098 ad
1821 1040 2037 1116 gratias

918 1135 1224 1193 reuertitur
1250 1133 1598 1193 reserandas.

839 1313 1057 1378 LXIX.
1135 1317 1536 1394 Interrogatus
1618 1317 1690 1376 de
1774 1328 2034 1393 tempore

917 1412 1081 1489 regni
1101 1411 1194 1471 dei
1214 1411 1514 1488 respondit
1533 1429 1654 1470 non
1676 1429 1811 1470 cum
1832 1412 2032 1469 obser-

916 1505 1152 1565 uatione
1181 1515 1491 1563 uenturum
1529 1521 1782 1583 eumque
1825 1503 2033 1580 fulgori

917 1617 1267 1676 comparans
1315 1599 1698 1675 occupandos
1746 1617 1849 1658 eos
1895 1596 2035 1657 dicit

916 1691 1186 1751 homines
1209 1692 1359 1751 sicut
1379 1693 1440 1750 in
1461 1692 1663 1751 diebus
1684 1710 1798 1751 noe
1826 1701 1887 1751 et
1911 1690 2033 1750 loth

917 1796 976 1844 et
1002 1787 1077 1844 de
1116 1786 1267 1845 binis
1303 1787 1364 1844 in
1400 1795 1553 1846 tecto
1590 1787 1651 1844 in
1683 1785 1842 1845 mola
1879 1795 1937 1843 et
1972 1785 2033 1843 in

918 1898 1061 1956 agro
1099 1879 1364 1957 singulos
1401 1880 1785 1939 assumendos
1817 1890 1876 1938 et
1918 1879 2035 1937 sin-

918 1973 1089 2050 gulos
1117 1974 1454 2050 pronuntiat
1482 1972 1907 2052 relinquendos

837 2154 1025 2216 LXX.
1047 2157 1144 2216 Ad
1163 2175 1392 2235 semper
1401 2156 1685 2216 orandum
1695 2156 2036 2234 parabolam

923 2252 1182 2311 deuidua
1193 2252 1360 2329 ponit
1375 2251 1658 2310 ultionem
1676 2250 1749 2309 de
1768 2250 2037 2310 aduersa-

916 2347 1005 2405 rio
1024 2365 1131 2407 suo
1153 2347 1228 2405 ab
1249 2346 1452 2423 iniquo
1472 2345 1657 2404 iudice
1680 2345 2034 2422 postulante.

837 2438 1057 2499 LXXI.
1100 2439 1380 2501 Oratione
1408 2438 1696 2516 pharisaei
1728 2440 1789 2497 in
1817 2439 2036 2516 templo

918 2544 976 2593 et
1017 2533 1314 2612 publicani
1358 2533 1656 2609 proposita
1697 2533 1873 2592 docet
1914 2551 2036 2592 non

917 2627 1188 2686 iactanda
1255 2626 1459 2684 merita
1528 2627 1634 2686 sed
1708 2625 2038 2687 confitenda

916 2732 1173 2798 peccata.

839 2814 1090 2874 LXXII.
1134 2814 1417 2873 Paruulos
1472 2832 1509 2873 a
1562 2832 1624 2873 se
1674 2815 1855 2873 uetari
1901 2832 2036 2891 pro-

919 2907 1128 2968 hibens
1197 2908 1577 2968 humilitatem
1647 2908 1757 2967 sub
1831 2925 2037 2967 eorum

918 3003 1158 3063 nomine
1189 3001 1476 3078 significat
1504 3001 1906 3079 optinendam.

836 3096 1124 3156 LXXIII.
1167 3096 1541 3172 Interrogans
1571 3094 1735 3155 diues
1758 3094 1831 3155 de
1854 3096 2037 3173 possi·

918 3190 1114 3252 denda
1131 3191 1251 3250 uita
1267 3200 1501 3250 aeterna
1521 3189 1781 3250 secunda
1800 3209 2037 3268 respon-

920 3287 1086 3347 sione
1124 3285 1299 3345 tristis
1338 3284 1594 3344 abscedit
1624 3293 1683 3343 et
1711 3285 2037 3363 relinquen-

919 3383 1072 3441 tibus
1100 3390 1342 3458 propter
1369 3396 1587 3439 nomen
1617 3396 1788 3438 suum
1814 3390 2037 3456 tempo·

917 3475 1059 3534 ralia
1085 3473 1358 3535 dominus
1387 3484 1619 3533 aeterna
1644 3474 1941 3550 promittit.

838 3568 1155 3630 LXXIIII.
1198 3566 1581 3629 Tradendum
1616 3586 1679 3628 se
1717 3566 2038 3646 hierosoly-

918 3664 1030 3724 mis
1057 3680 1481 3741 passurumque
1509 3662 1806 3739 praedicit.

838 3757 1086 3818 LXXV.
1130 3756 1302 3816 quta
1328 3755 1587 3816 hiericho
1609 3775 1788 3816 caeco
1809 3756 2036 3815 mendi-

916 3852 1070 3911 canti
1099 3850 1298 3915 lumen
1326 3850 1389 3909 in
1415 3850 1706 3927 praesenti
1734 3850 1996 3909 restituit.

903 4099 1090 4148 LXIX.
1126 4101 1319 4156 regni:
1355 4113 1561 4193 rfflnum
1591 4098 1653 4149 V.
1724 4098 2039 4163 occupandus

840 4164 912 4216 H.
980 4165 1032 4213 in
1053 4163 1212 4213 molat
1233 4164 1392 4213 Harl.
1443 4164 1549 4229 (sed
1564 4172 1585 4214 t
1606 4163 1775 4226 eras.).

905 4230 1065 4280 LXX.
1114 4232 1439 4288 postulante
1467 4244 1503 4281 -ι-
1533 4231 1617 4294 qui
1671 4231 1818 4280 iudex
1867 4228 2037 4294 regula

837 4295 1255 4347 dissimilitudinis
1277 4294 1538 4345 adhibetur
1561 4294 1630 4343 H.

904 4360 1093 4410 LXXI.
1128 4359 1385 4410 iactantiae
1405 4360 1561 4409 Harl.

906 4425 1149 4540 LXXIII}
1184 4425 1398 4476 abscidit
1420 4425 1484 4476 Y.
1549 4437 1807 4476 nomen-i·
1824 4424 1930 4475 eius
1956 4425 2044 4475 sed

836 4508 901 4542 ex
970 4499 1065 4542 nct.
1142 4529 1154 4541 .

948 4556 1114 4607 XXV.
1147 4571 1242 4607 om.
1267 4560 1330 4606 in
1352 4556 1507 4616 Harl.

2145 3586 2369 3642 XVII.
2414 3586 2641 3650 Quum
2666 3584 3040 3655 discipulos

2148 4184 2319 4235 Thom.
2405 4184 2518 4233 simi
2542 4185 2681 4235 itudo
2724 4193 2811 4251 pr.
2867 4187 3039 4237 Thone.

2136 4251 2390 4299 transituri
2420 4251 2592 4301 Thom.

2139 4388 2249 4431 tura
2270 4383 2418 4432 Alex.
2442 4396 2517 4446 14.

2513 850 2671 917 C(T).
3143 848 3591 915 BoJ(breues)ox
3602 851 3723 900 Par.
3733 850 3850 900 Lat.
3864 848 4039 914 10438.

2221 944 2446 1005 Decem
2497 943 2716 1021 leprosi
2765 954 3039 1004 curantur
3143 955 3345 1016 decem
3372 955 3586 1034 leprosi
3615 955 3966 1016 mundantur

2302 1058 2376 1098 ex
2399 1039 2612 1116 quibus
2632 1038 2825 1098 hunus
2844 1057 3038 1099 reuer-

2305 1151 2405 1193 sus
2447 1133 2581 1192 Ihm
2615 1133 2872 1211 sequitur
2903 1152 3037 1210 gra-

2301 1228 2413 1287 tias
2440 1246 2623 1305 agens
2649 1228 2777 1287 deo.

2220 1321 2381 1381 Intra
2424 1340 2535 1381 nos
2583 1339 2746 1381 aesse
2788 1340 3033 1399 regnum

2298 1415 2411 1474 dei.

2217 1510 2421 1587 Ipsum
2511 1520 2704 1569 autem
2786 1527 3032 1589 regnum

2298 1604 2460 1663 iuxta
2515 1603 2850 1681 exemplum
2916 1621 3033 1662 noe

2298 1698 2397 1757 uel
2424 1697 2577 1757 Loth
2600 1699 2793 1758 subito
2814 1699 3032 1757 uenire.

2218 1790 2353 1851 Hac
2405 1803 2544 1851 tunc
2587 1791 2766 1851 alium
2807 1792 3035 1851 adsumi

2299 1894 2358 1945 et
2385 1886 2562 1945 alium
2590 1885 2856 1964 relinqui.

2220 1980 2299 2039 Et
2325 1979 2468 2039 hubi
2495 1979 2665 2039 fuerit
2687 1998 2898 2059 corpus
2919 1979 3032 2038 illic

2302 2074 2546 2152 aquilae.

2223 2168 2664 2228 Similitudinem
2693 2168 2906 2227 uiduae
2940 2186 3034 2226 ro-

2301 2263 2496 2341 gantis
2537 2274 2630 2323 aet
2675 2263 2879 2322 iudicis
2928 2263 3035 2321 ini-

2301 2358 2419 2435 qui.

2219 2451 2296 2510 Et
2366 2449 2615 2510 duorum
2684 2452 2746 2510 in
2816 2451 3037 2532 templo
3140 2468 3198 2519 et
3224 2457 3474 2518 duorum
3503 2458 3565 2517 in
3603 2457 3824 2539 templo
3861 2475 4036 2518 oran·

2299 2546 2652 2605 horantium.
3222 2554 3384 2613 tium,

3137 1334 3289 1393 intra
3317 1351 3429 1395 nos
3457 1351 3584 1393 esse
3614 1349 3857 1411 regnum
3886 1332 3947 1391 di

3139 2174 3454 2234 similitudo
3506 2175 3716 2234 uiduae
3778 2174 4037 2254 rogantis

3220 2280 3277 2329 et
3305 2269 3510 2331 iudicis
3542 2269 3725 2347 iniqui

2221 2828 2300 2889 Et
2354 2827 2607 2888 infantes
2660 2846 2782 2888 non
2844 2828 3037 2907 prohi—
3090 2812 3094 2901 ξ

2302 2921 2548 2982 bendos.
3090 2906 3095 3009 ᾗ

2226 3110 2556 3171 Similitudo
2602 3111 2793 3171 diuitis
2843 3124 2900 3172 et
2942 3130 3037 3171 ca·
3092 3182 3097 3191 Ι

2305 3205 2464 3266 melli
2499 3205 2721 3266 facilius
2757 3224 2862 3284 per
2889 3206 3039 3266 sora·

2304 3318 2442 3359 men
2470 3300 2651 3360 achus
2679 3309 2980 3361 transture.

2220 3393 2300 3454 Et
2375 3395 2618 3454 homnia
2700 3393 2793 3454 hic
2870 3394 3040 3453 relin-

2305 3489 2557 3566 quenda.

3143 3579 3339 3640 XVII.
3386 3580 3543 3640 Cum
3591 3579 3885 3657 discipulis
3932 3576 4036 3641 ad·

2305 3681 2689 3737 aduentus-a
2707 3680 2843 3737 sibi
2866 3680 3038 3738 indi·
3223 3684 3471 3735 uentura
3498 3676 3607 3735 sibi
3636 3674 3914 3736 indicaret

2305 3777 2493 3831 caret

2223 3882 2465 3924 caecum
2487 3864 2915 3928 mendicantem
2935 3884 3038 3925 cu·
3142 3881 3381 3924 caecum
3408 3864 3841 3923 mendicantem
3869 3879 4037 3923 cura-

2304 3958 2468 4017 rauit.
3222 3958 3306 4014 uit

2205 4118 2347 4167 XVI.
2389 4127 2445 4175 >
2462 4134 2664 4233 requam
2685 4128 2855 4171 autem
2875 4120 3039 4185 ipsum
3205 4124 3349 4173 XVI.
3399 4124 3505 4175 dec.
3541 4124 3663 4189 lepr.
3698 4140 3731 4174 a
3762 4123 3864 4202 dno
3898 4138 4037 4173 mun-

3140 4191 3320 4319 (1ιὲῗὲιέ
3369 4189 4041 4350 εέἰέἓῖηιέῐξέεηξιὸῗῗιοῖῖ

3142 4327 3201 4437 ἵζ’
3216 4321 3697 4436 ῗιῗέἕοῇἓοὲωωῑωῖᾱ
3730 4324 4040 4436 mm

3140 4467 3192 4503 re
3260 4468 3345 4501 um
3367 4452 3448 4501 dei
3472 4450 3598 4500 ΒΘ]
3624 4454 3779 4514 10438
3812 4452 3983 4501 Thom.

3258 4518 3375 4567 VII.
3410 4518 3495 4567 Ita
3528 4518 3648 4581 legit
3684 4518 3842 4580 10438
3879 4517 3944 4567 de
3976 4532 4039 4567 eo

3174 4583 3275 4633 uod
3296 4583 3554 4647 discipulis
3576 4590 3782 4633 uentura
3797 4582 4041 4647 praedixit

3175 4665 3203 4699 e
3226 4664 3378 4699 caeco
3401 4648 3480 4697 cui
3504 4648 3596 4698 diis
3618 4648 3840 4699 hiericho
3867 4648 4040 4698 tribuit

3138 4714 3318 4763 uisum.
3385 4713 3705 4767 aduentumm
3727 4713 3775 4764 Ο
3794 4717 3863 4778 (et
3876 4727 3911 4763 -ι-
3925 4728 4038 4779 pn·

3138 4780 3328 4830 sionem
3352 4780 3463 4842 00).

2206 4316 2377 4365 XVII.
2401 4316 2660 4382 discipulis
2678 4316 2848 4367 Thone.
2893 4333 3038 4368 euen-
