4717 6400
825 687 948 751 286

1149 858 1355 908 AHVY
1367 859 1524 908 Harl.
1553 868 1694 922 2797.

823 950 1174 1009 XXXVIII.
1218 951 1540 1011 Cuiusdam
1585 951 1763 1010 filiam
1811 968 1849 1010 a
1886 951 2023 1010 dae-

907 1046 1109 1106 monio
1155 1046 1455 1121 increpata
1494 1045 1889 1123 generationis
1934 1046 2023 1104 in·

906 1139 1243 1199 credulitate
1272 1139 1513 1199 curauit.

826 1233 1109 1293 XXXIX.
1156 1234 1371 1292 Iterum
1422 1230 1578 1293 dicit
1606 1251 1668 1293 se
1718 1251 2023 1311 passurum

907 1329 1032 1388 fore
1086 1337 1146 1386 et
1201 1328 1273 1386 de
1330 1329 1583 1406 primatu
1640 1329 2025 1404 cogitationes

907 1441 1110 1481 eorum
1181 1432 1392 1482 statuto
1461 1423 1523 1480 in
1585 1423 1782 1482 medio
1842 1440 2025 1499 puero

905 1524 1113 1575 uetans
1155 1515 1535 1576 humilitatem
1576 1516 1749 1576 docet
1797 1527 1856 1575 et
1904 1534 2026 1576 non

905 1610 1200 1687 prohiberi
1230 1611 1473 1671 uirtutes
1499 1611 1560 1669 in
1581 1611 1762 1688 ipsius
1784 1611 2026 1670 nomine

907 1704 1234 1765 facientem.

826 1797 953 1856 XL.
995 1799 1204 1875 Ignem
1245 1798 1318 1857 de
1357 1797 1523 1858 caelo
1561 1817 1732 1876 super
1761 1807 2026 1859 contem-

907 1905 1065 1952 tores
1120 1901 1317 1968 petere
1372 1892 1641 1953 uolentes
1710 1894 2025 1970 discipulos

906 1986 1164 2063 increpat
1193 1997 1251 2045 et
1274 1986 1487 2045 dicenti
1510 2005 1722 2064 sequar
1742 1999 1799 2046 te
1820 1987 2025 2064 uulpes

907 2080 1107 2140 foueas
1150 2080 1362 2140 habere
1403 2091 1644 2140 testatur
1685 2083 1894 2141 iubens
1937 2100 2025 2141 se·

905 2175 1106 2251 quenti
1161 2175 1444 2234 dimittere
1499 2185 1770 2236 mortuos
1825 2189 1884 2236 et
1940 2187 2025 2236 te-

902 2277 1143 2327 nentem
1215 2278 1467 2331 aratrum
1545 2288 1666 2330 non
1742 2270 2024 2346 respicere

905 2371 1078 2421 retr0.

824 3102 984 3163 XLI.
1027 3103 1360 3182 Designatis
1393 3115 1451 3165 et
1492 3105 1617 3165 aliis
1654 3106 1753 3165 lxx
1789 3106 2023 3167 duobus

906 3200 1004 3260 dat
1023 3212 1334 3278 praecepta
1351 3201 1564 3278 quibus
1585 3202 1837 3262 debeant
1856 3222 2024 3280 prae-

905 3294 1098 3354 dicare
1154 3312 1295 3356 mox
1367 3295 1693 3356 incredulas
1761 3297 2021 3375 increpat

905 3390 1169 3449 ciuitates
1197 3389 1298 3448 lxx
1327 3388 1559 3450 duobus
1581 3392 1827 3451 reuersis
1849 3401 2022 3469 atque

903 3482 1294 3560 gaudentibus
1330 3484 1604 3560 praecipit
1632 3503 1756 3545 non
1786 3485 1858 3545 de
1888 3488 2021 3544 sub-

903 3578 1152 3638 iectione
1176 3578 1532 3637 daemonum
1554 3579 1657 3638 sed
1679 3580 1754 3638 de
1781 3598 2021 3640 suorum

903 3672 963 3731 in
992 3671 1158 3732 caelo
1196 3672 1501 3732 nominum
1537 3674 1844 3750 scriptione
1878 3693 2022 3750 gau-

903 3767 1057 3826 dere.

889 4301 1192 4350 XXXVIII.
1226 4301 1530 4366 increpatam
1555 4302 1710 4352 Πανί.

887 4366 1133 4416 XXXIX.
1156 4367 1374 4431 primato
1393 4366 1510 4418 HY.
1547 4368 1808 4432 prohibere
1817 4369 2021 4418 VHarl.

889 4432 998 4481 XL.
1033 4435 1266 4483 iubens:
1309 4433 1482 4483 iuuens
1517 4431 1665 4490 HY*,
1699 4434 1890 4484 iuuenis
1923 4436 2021 4496 Y⁶;

821 4497 987 4548 iuueni
1012 4498 1059 4546 V
1074 4499 1230 4547 Harl.

889 4563 1027 4613 XLI.
1063 4562 1313 4628 praecepit
1338 4564 1392 4613 H
1412 4564 1568 4614 Harl.

2043 4626 2048 4633 ⁸
2124 4638 2247 4688 dicit
2272 4637 2442 4688 Tkom.

1780 690 1884 751 CA
1898 688 2234 750 PITULA
2287 691 2405 752 IN
2443 691 2617 750 EUA
2631 689 3079 752 NGELJUM

2489 859 2648 925 cfr).

2211 949 2465 1010 Puerum
2486 952 2806 1011 lunaticum
2823 952 3026 1011 liberat

2289 1045 2401 1105 hac
2419 1064 2482 1106 se
2499 1046 2645 1105 tradi
2664 1046 2874 1106 debere
2891 1064 3024 1122 pro-

2292 1141 2518 1198 nuntiat
2582 1150 2640 1199 et
2699 1140 3025 1216 cogitantes

2289 1234 2605 1311 discipulos
2646 1236 2777 1312 quis
2819 1251 3025 1293 eorum

2289 1330 2477 1387 maior
2504 1340 2657 1387 esset
2684 1327 2927 1386 instruit.

2211 1421 2346 1481 Hac
2368 1440 2491 1482 non
2511 1422 2899 1499 proibendum
2928 1421 3027 1498 qui

2293 1519 2354 1575 in
2375 1518 2614 1577 nomine
2633 1535 2741 1577 suo
2761 1517 3025 1575 uirtutem

2292 1610 2444 1671 facit.

2212 1801 2267 1858 A
2312 1800 2675 1859 samaritanis
2718 1818 2841 1859 non
2882 1798 3026 1857 reci-

2291 1894 2461 1970 pitur.

2209 1991 2286 2050 Et
2371 1993 2638 2051 uolentes
2729 1990 3027 2068 apostolos

2292 2087 2492 2164 ignem
2543 2104 2718 2162 super
2767 2103 2872 2144 eos
2926 2085 3027 2144 de-

2292 2182 2571 2241 scendere
2603 2185 2877 2257 increpat.

2213 2276 2391 2352 Sequi
2426 2275 2643 2336 uolenti
2681 2294 2743 2335 se
2782 2292 2904 2333 non
2939 2292 3027 2333 re-

2291 2371 2517 2448 cipitur.

2209 2465 2477 2525 Alterum
2522 2474 2717 2525 tamen
2758 2465 2883 2541 ipse
2931 2483 3027 2522 ae-

2289 2560 2431 2618 tiam
2453 2560 2631 2636 patris
2648 2568 2835 2618 morte
2854 2559 3026 2617 inter-

2290 2654 2470 2713 missa
2513 2653 2888 2730 adsequenda
2927 2652 3025 2711 he-

2290 2747 2432 2824 ligit.

2209 2842 2284 2901 Et
2327 2842 2444 2900 alio
2487 2841 2705 2899 uolenti
2749 2841 2868 2900 suis
2911 2841 3027 2917 pri-

2291 2954 2457 2994 mum
2486 2936 2751 2994 nuntiare
2779 2935 3025 3011 figuram

2289 3031 2453 3108 ponit
2475 3039 2534 3089 et
2556 3029 3024 3106 retrospicientis.

2125 3128 2213 3188 X.
2275 3127 2554 3195 Helegit
2594 3127 3026 3198 septuaginta

2288 3225 2461 3281 duos
2489 3237 2659 3291 quos
2691 3222 2907 3279 mittit
2937 3223 3026 3279 ad

2285 3317 2798 3385 predicandum.

2206 3408 2342 3487 Ipse
2393 3426 2532 3466 uero
2577 3409 2841 3485 increpat
2885 3407 3023 3465 ciui-

2287 3513 2450 3561 tates,
2840 3559 2845 3564 ,

2204 3596 2281 3655 Et
2309 3614 2573 3655 reuersos
2603 3595 2919 3673 discipulos
2949 3613 3021 3654 ex

2288 3708 2363 3749 eo
2392 3690 2525 3749 dicit
2554 3689 2838 3749 feliciores
2861 3689 3021 3767 quod

2287 3801 2492 3843 eorum
2536 3788 2717 3842 nmna
2759 3783 2820 3841 in
2858 3783 3023 3843 caelo

2288 3887 2521 3937 aessent
2548 3878 2776 3954 scripta.

2208 3972 2354 4031 Hob
2400 3990 2581 4050 quam
2628 3991 2751 4032 rem
2809 3972 3022 4049 gratias

2288 4067 2408 4142 agit
2457 4067 2604 4143 patri
2654 4067 2816 4143 quod
2864 4069 3024 4125 bona

2291 4162 2407 4219 sint
2433 4161 2685 4237 paruulis
2712 4162 2984 4220 reuelata.

2191 4310 2367 4360 VIIII.
2410 4313 2616 4361 debere
2652 4314 3020 4369 pronuntiat:

2123 4376 2306 4426 habere
2329 4375 2618 4440 pronuntiat
2631 4377 2777 4425 Alex.
2794 4389 2881 4434 10;
2905 4391 3020 4442 pro-

2122 4442 2318 4491 nuntiat
2338 4448 2541 4490 tantum
2563 4443 2708 4491 Alex.
2732 4455 2807 4505 14.
2874 4442 3023 4492 faciat

2133 4507 2303 4557 Thone.
2380 4522 2498 4556 non
2551 4510 2826 4565 recipitur
2851 4524 2862 4556 :
2919 4523 3020 4556 non

2123 4572 2306 4623 habere
2338 4574 2426 4621 ubi
2460 4579 2611 4636 caput
2644 4572 2848 4622 reclinet
2880 4589 3021 4638 prae·

2511 4639 2575 4687 ad
2598 4637 2898 4703 sequendum
2920 4639 3021 4688 ele-

2121 4704 2198 4768 git
2215 4705 2302 4767 (al.
2317 4703 2481 4768 eligit)
2509 4703 2678 4753 Tkom.
2723 4707 3020 4754 nuntiare:

2123 4769 2401 4818 renuntiare
2420 4768 2589 4823 Thone.
2632 4769 3019 4834 proponitAlex.

2128 4846 2204 4898 14·
2272 4842 2401 4884 retro
2447 4834 2752 4899 respicientis
2786 4836 2902 4897 (om.
2939 4838 3021 4894 et.)

2189 4967 2254 5015 X.
2291 4937 2369 5015 ‘eli
2407 4965 2442 5014 ‘t
2509 4965 2680 5015 Thom.
2746 4982 2839 5016 om.
2895 4969 3024 5015 feli-

2122 5035 2302 5082 ciores
2381 5037 2449 5081 at.
2476 5044 2620 5094 4221.

3129 858 3579 920 Bonreuesmx
3590 859 3710 908 Par.
3722 861 3838 910 Lat.
3854 872 3947 923 104
3952 861 4030 922 38.

3130 1442 3201 1484 ac
3250 1442 3373 1483 non
3423 1442 3554 1483 esse
3602 1424 4029 1502 prohibendum

3214 1520 3314 1594 qui
3356 1519 3418 1576 in
3460 1520 3701 1579 nomine
3750 1520 3873 1579 eius
3916 1520 4030 1579 uir-

3213 1621 3397 1671 tutem
3426 1612 3560 1672 facit

3131 1818 3167 1859 a
3197 1801 3560 1859 samaritanis
3590 1819 3709 1861 non
3739 1801 4011 1878 recipitur

3132 2280 3299 2357 sequi
3337 2298 3400 2340 se
3442 2280 3661 2340 uolenti
3706 2281 4027 2341 similitudi-

3212 2393 3350 2433 nem

3131 2470 3372 2529 aratoris
3442 2479 3597 2529 retro
3669 2471 4029 2547 respicientis

3212 2564 3545 2641 interponit.

3129 3132 3203 3190 X.
3249 3131 3629 3211 Septuaginta
3664 3132 3836 3210 elegit
3875 3148 4029 3209 quos

3209 3229 3383 3286 mittit
3412 3227 3486 3286 ad
3513 3226 3969 3304 praedicandum

3195 4307 3369 4356 VIIII.
3391 4310 3492 4364 qui
3513 4309 3606 4357 in:
3630 4308 3749 4372 quin
3769 4308 3834 4357 X.
3890 4311 4027 4358 facit

3140 4371 3311 4423 ÷dicit
3347 4372 3524 4421 BQJO
3556 4373 3727 4424 Thom.
3801 4381 3856 4429 >
3876 4374 4025 4439 respi-

3127 4437 3300 4487 cientis
3325 4447 3455 4488 retro
3478 4438 3534 4487 B.

3190 4503 3255 4552 X.
3292 4502 3627 4561 sopwfduos
3661 4504 3704 4554 B
3734 4504 3906 4554 Thone.
3964 4504 4025 4570 (f.

3116 4575 3172 4633 p.
3188 4567 3282 4632 376
3298 4569 3372 4617 ad
3397 4569 3464 4620 X.
3489 4583 3533 4618 1.
3577 4570 3721 4634 eIIgit
3740 4571 3795 4619 Β.
3835 4574 4022 4628 praed.

3141 4634 3281 4683 ÷ubi
3337 4633 3441 4684 dno
3501 4634 3718 4685 referunt
3782 4637 3917 4701 quod
3973 4636 4024 4685 in

3125 4702 3326 4750 nomine
3394 4700 3500 4750 eius
3564 4700 3827 4752 daemonai
3893 4702 4023 4752 subi·

3126 4771 3352 4815 cet-entur
3380 4767 3552 4830 10438.
