4717 6400
864 682 948 768 38
1780 681 2238 745 CAPITULA
2290 680 2411 741 IN
2447 676 3091 740 EUANGE'LIUM

1361 854 1574 905 Ava.
2586 850 2630 900 C
3266 846 3502 897 ΒΗΘδΤ
3521 859 3638 894 aur.
3664 844 3822 894 Harl.
3849 853 3991 910 2797.

866 946 1171 1006 LXXXV.
1199 945 1574 1004 Praenuntiat
1590 943 1809 1022 pascha
1825 954 1961 1022 post
1980 944 2066 1003 bi·
2172 947 2423 1005 XXVI.
2510 947 2613 1004 De
2704 945 3077 1003 Iudeorum
3182 939 3405 998 XXVI.
3470 938 3823 998 Iudaeorum
3890 937 4082 996 consi-

948 1043 1131 1101 duum
1159 1059 1339 1120 seque
1368 1040 1716 1099 tradendum
1739 1060 1755 1111 ;
1800 1038 2064 1098 refertur·
2334 1040 2619 1099 oonsilio
2651 1043 2739 1100 de
2776 1052 3075 1109 eompre-
3263 1034 3406 1093 lium
3427 1033 3501 1092 de
3522 1030 4082 1108 comprehendendo

947 1154 1063 1213 que
1119 1134 1426 1195 consilium
1484 1133 1825 1193 iudaeorum
1881 1143 1939 1192 et
1993 1132 2068 1192 de
2334 1137 2695 1195 hendendo
2725 1137 2950 1193 Ihesu.
3263 1127 3405 1187 Ihu:
3470 1134 3528 1186 et
3583 1136 3777 1185 cetera
3823 1144 3977 1203 quae
4022 1125 4082 1183 in

949 1230 1238 1290 alabastro
1278 1227 1519 1304 ungenti
1547 1245 1668 1303 quo
1699 1226 1905 1286 mulier
1930 1245 2067 1285 eum
2272 1229 2305 1287 i.
2336 1227 2430 1287 De
2452 1227 2692 1287 muliere
2715 1246 2868 1304 quae
2886 1226 3075 1301 hung·
3262 1240 3445 1282 caena
3474 1220 3697 1280 domini
3724 1230 3891 1296 gesta
3926 1228 4077 1278 sunt.

951 1323 1167 1383 deuota
1214 1321 1464 1399 perfudit
1481 1340 1498 1393 ;
1561 1321 1655 1380 uel
1713 1320 1875 1397 quod
1931 1320 2069 1378 iuda
2420 1332 2603 1380 uento
2631 1321 2885 1398 perfudit
2914 1319 3062 1378 Ihm.

949 1416 1183 1493 triginta
1265 1415 1557 1492 argenteis
1630 1432 1769 1473 eum
1850 1413 2070 1490 placuit
2265 1417 2319 1474 ii.
2362 1416 2539 1474 Iudas
2595 1416 2883 1492 premium
2940 1413 3080 1491 petit

951 1510 1306 1570 uenditurus.
2420 1521 2485 1568 ut
2513 1509 2700 1568 tradat
2730 1508 2879 1568 Ihm.

2234 1604 2307 1662 iii.
2353 1603 2629 1663 Caenans
2677 1603 2750 1662 de
2799 1602 3078 1662 traditore

2421 1716 2530 1757 suo
2614 1697 2690 1756 ad
2760 1696 3079 1774 discipulos

2421 1792 2693 1867 loquitur.

2215 1886 2309 1944 iiii.
2353 1885 2596 1945 Oblatio
2624 1886 2766 1944 eius.

871 1978 1208 2037 LXXXVI.
1253 1977 1443 2039 Series
1483 1977 1772 2055 passionis
1818 1993 2069 2035 ennara-
2172 1982 2461 2039 XXVII.
2486 1982 2691 2040 Petro
2705 1981 2877 2039 dicit
2893 1981 3080 2051 quod
3183 1961 3443 2022 XXVII·
3542 1961 3718 2021 Petro
3807 1960 4088 2037 praedicit

953 2082 1059 2143 tur,
1080 2091 1263 2149 usque
1285 2072 1360 2130 ad
1377 2072 1573 2132 locum
1595 2088 1714 2148 quo
1742 2071 1821 2129 ait
1843 2071 2068 2128 munie-
2332 2076 2539 2134 tertio
2562 2077 2757 2146 pullo
2783 2090 2943 2134 eum
2964 2076 3081 2133 ab·
3265 2055 3427 2134 q¹¹0d
3464 2056 3632 2115 “³¹50
3669 2073 3805 2115 eum
3843 2065 4086 2133 negatu-

954 2174 1087 2225 runt
1109 2166 1475 2243 sepulchrum
1493 2166 1790 2242 signantes
1811 2163 2069 2240 lapidem
2334 2173 2930 2240 nogat-ummsset.
3267 2167 3365 2209 ΝΒ
3392 2159 3560 2209 esset·

952 2279 1088 2320 cum
1117 2261 1471 2320 custodibus.
2272 2263 2307 2321 i.
2352 2262 2716 2322 Horationes
2738 2262 2850 2321 nm
2871 2261 2948 2321 ad
2964 2262 3078 2320 Pa·
3348 2243 3553 2304 Oratio
3584 2243 3697 2302 Ihu
3740 2242 3815 2303 ad
3858 2252 4086 2321 patrem

874 2354 1241 2415 Lxxxvn.
1306 2353 1769 2414 Resurrectionis
1814 2352 2072 2412 similiter
2420 2366 2582 2415 trem.
3266 2348 3325 2398 et
3360 2347 3552 2398 cetera
3581 2355 3720 2398 cum
3747 2338 4086 2398 traderetur.

953 2449 1103 2508 ordo
1157 2448 1395 2509 refertur
1448 2467 1484 2507 a
1538 2466 1781 2525 uespere
1845 2446 2071 2508 sabbati
2221 2446 2330 2533 [it]
2350 2448 2528 2511 Iudas
2545 2450 2679 2509 Ihm
2697 2448 2946 2510 bosculo
2963 2459 3078 2509 tra-

953 2560 1140 2619 nsque
1182 2544 1258 2604 ad
1293 2543 1489 2603 locum
1518 2560 1638 2620 quo
1680 2544 1759 2602 ait
1799 2551 1857 2600 et
1885 2539 2070 2599 diuul-
2423 2544 2581 2605 didit.

955 2647 1161 2712 gatum
1230 2647 1320 2697 est
1389 2636 1638 2696 uerbum
1709 2634 1862 2694 istud
1915 2633 2071 2711 apud
2261 2639 2336 2697 iii.
2379 2639 2455 2699 Et
2501 2639 2708 2698 Petrus
2756 2636 3080 2698 auriculum

958 2729 1198 2792 iudaeos
1227 2749 1411 2809 usque
1440 2731 1501 2788 in
1523 2729 1872 2790 hodiernum
1901 2729 2074 2789 diem.
2424 2733 2683 2792 abscidit.

2242 2827 2336 2885 iiii.
2382 2826 2483 2886 Ihs
2504 2826 2662 2887 salsis
2684 2826 2920 2886 testibus
2938 2844 3081 2885 con-

2427 2920 2736 2980 demnatur
2806 2931 2864 2980 et
2933 2920 3081 2978 inlu·

2429 3013 2597 3074 ditur.

2266 3129 2317 3167 v.
2361 3109 2567 3168 Petrus
2617 3109 2786 3168 tertio
2835 3107 3088 3185 abnegat

2432 3214 2491 3263 et
2519 3204 2867 3262 lacrimatur.

2218 3293 2343 3379 [vi.]
2375 3297 2477 3356 Ihs
2502 3297 2682 3375 pilato
2709 3297 2967 3356 traditur.

2229 3392 2319 3450 vii.
2363 3392 2442 3450 Et
2498 3391 2676 3450 Iudas
2742 3390 2955 3467 laqueo
3026 3407 3090 3448 se

2436 3483 2755 3562 suspendit.

2192 3575 2354 3661 [viii]
2380 3578 2474 3639 De
2501 3598 2646 3657 agro
2672 3578 2850 3655 figuli.

2210 3673 2339 3732 viiii.
2383 3672 2674 3733 Iudicium
2707 3671 2886 3749 pylati
2917 3683 2977 3731 et
3021 3671 3094 3729 de

2435 3768 2703 3827 barabba
2727 3766 2969 3826 latrone.

885 3868 1286 3929 LXXXVIII.
1338 3868 1633 3928 Undecim
1683 3864 1979 3943 discipulis
2025 3865 2086 3924 in
2189 3865 2516 3923 XXVIII.
2569 3863 2802 3922 Passio
2854 3860 2981 3919 ihu.
3026 3864 3097 3919 et
3199 3867 3488 3928 XXVIII,
3537 3866 3742 3928 Passio
3770 3867 3881 3927 Ihu
3916 3878 3973 3928 et
4008 3887 4100 3927 se..

966 3972 1167 4022 monte
1197 3961 1574 4022 adorantibus
1607 3959 1942 4038 baptizandi
1971 3956 2087 4018 for·
2354 3959 2711 4029 sepulturfl
2757 3960 2829 4016 et
2874 3970 3097 4013 1⁸08OE-
3278 3962 3509 4041 pultura
3525 3971 3582 4021 et
3598 3962 3939 4023 resurrectio
3958 3963 4102 4022 eius,

967 4055 1190 4115 mulam
1216 4055 1389 4115 tradit
1417 4066 1476 4115 et
1503 4072 1670 4114 suam
1698 4054 1783 4114 eis
1811 4070 1998 4130 usque
2027 4052 2087 4110 in
2355 4053 2574 4112 rectio
2599 4052 2764 4111 eius.
3362 4055 3628 4133 Itemque
3694 4056 3974 4115 mandata
4044 4065 4102 4114 et

967 4150 1146 4209 finem
1204 4149 1420 4209 saeculi
1474 4148 1865 4227 praesentiam
1919 4146 2090 4225 polli-
2292 4145 2329 4204 i.
2372 4146 2640 4222 Itemque
2709 4142 2990 4203 mandata
3042 4151 3100 4202 et
3281 4150 3682 4211 doctrinaeius
3697 4150 3772 4210 de
3789 4150 4102 4229 baptismo,

969 4253 1150 4303 cetur.
2439 4239 2702 4299 doctrina
2721 4238 2845 4297 eius
2862 4237 2936 4326 de
2954 4236 3098 4295 bab-

2439 4333 2631 4392 tismo.

956 4488 1216 4539 LXXXV.
1252 4487 1545 4537 pronuntiat
1600 4487 1770 4536 Thone.
1837 4486 2094 4536 mulierem
2263 4480 2456 4529 XXVI·
2488 4478 2559 4528 iii·
2596 4478 2659 4528 de
2675 4479 2799 4529 Inde
2816 4477 3066 4529 traditore·
3265 4485 3491 4536 XXVII.
3528 4487 3862 4549 abnegatur-us
3884 4486 4049 4538 ΒΗΘ.

892 4556 940 4604 Y
968 4559 1082 4620 (pro
1114 4553 1292 4603 mulier
1319 4555 1489 4614 eum);
1521 4552 1701 4602 mulier
1722 4551 1786 4600 U.
1852 4552 1964 4616 trig.
1989 4567 2093 4615 arg.
2262 4545 2487 4595 XXVII·
2525 4552 2581 4600 >
2603 4545 2715 4594 aba.
2738 4560 2868 4596 eum.
3268 4550 3520 4601 XXVIII.
3552 4553 3684 4600 mu:
3718 4551 3818 4600 dni.

891 4620 1165 4687 promissis.
1262 4619 1426 4669 Iesum
1479 4617 1749 4683 spopondit
1803 4617 2097 4667 tradendum
2263 4610 2462 4662 Subscr·
2487 4627 2515 4660 e
2585 4610 2694 4660 licit
2706 4610 2941 4660 elenchus
2953 4624 3100 4659 euan-
3268 4617 3465 4666 Subscr.
3519 4616 3724 4681 explicit
3758 4615 3992 4667 elenchus
4032 4632 4105 4667 se·

902 4687 1074 4737 Thom.
2198 4675 2320 4741 gelfl
2341 4679 2479 4727 80&ss
2562 4684 2751 4726 atteum
2776 4676 2836 4726 C·
3203 4685 3334 4733 eund
3359 4682 3638 4732 Mattheum
3665 4682 3721 4740 B,
3748 4683 3955 4747 explicit
3976 4682 4073 4747 ΘΙ.

960 4749 1277 4801 LXXXVII.
1309 4765 1402 4800 om.
1427 4751 1582 4807 apud
1603 4752 1846 4798 Iudaeos
1879 4748 2049 4798 nom.
3271 4748 3431 4798 Nihil
3448 4747 3629 4797 habent
3662 4746 3765 4796 HT
3786 4764 3906 4798 aar.

961 4817 1156 4894 qufcr.
1184 4815 1456 4881 expliciunt
1468 4814 1689 4879 capitula
1702 4814 1971 4865 lectionum
1984 4813 2099 4872 AY,
3271 4814 3639 4863 Numeratione
3658 4820 3795 4863 caret
3812 4829 3928 4864 aar.

895 4882 1282 4998 ⁶¹3v¹tfz¹3¹ffl22
1304 4947 1364 4996 v.
3777 4904 3783 4910 ’

1520 5219 1598 5268 De
1620 5218 1741 5266 aliis
1771 5217 2106 5281 capitulorum
2123 5217 2387 5282 germ-ibus
2400 5217 2560 5281 plura
2582 5217 2771 5267 uidebis
2796 5216 2854 5264 in
2877 5203 3241 5280 Prolego‘menis
3262 5213 3465 5264 nostn‘s.
