4717 6400
665 644 729 691 x.
751 647 954 707 42-x1.
973 630 1053 722 3.]

668 830 929 885 tantum
964 822 1030 886 in
1064 825 1331 890 nomine
1359 827 1666 912 discipuli

664 944 862 992 amen
883 928 1034 992 dico
1058 930 1253 994 uobis
1282 951 1416 995 non
1438 934 1671 1015 perdet
1706 933 2073 998 mercedem

752 1051 965 1095 suam.

582 1125 955 1194 X1.<¹⁰¹·¹⁰>
1002 1135 1094 1201 Et
1132 1136 1379 1202 factum
1430 1151 1529 1204 est
1574 1161 1725 1206 cum
1768 1162 2073 1206 consum—

749 1249 996 1303 masset
1026 1241 1196 1304 iesus

661 1342 1075 1427 praecipiens
1129 1346 1484 1411 duodecim
1547 1345 1881 1432 discipulis
1939 1350 2073 1413 suis

750 1447 1006 1512 transiit
1037 1449 1192 1513 inde

664 1558 737 1611 ut
769 1549 1036 1615 doceret
1055 1563 1121 1616 et
1154 1554 1567 1636 praedicaret
1590 1556 1656 1618 in
1688 1555 2070 1621 ciuitatibus

747 1673 996 1717 eorum.

616 1748 779 1802 ²0⁰2·
802 1756 847 1805 ὅ)
882 1759 1208 1825 Iohannes
1238 1773 1463 1826 autem
1500 1785 1651 1828 cum
1683 1766 1971 1831 audisset
2003 1767 2069 1831 in

748 1862 1022 1928 uinculis
1054 1885 1256 1949 opera
1288 1867 1513 1932 christi

658 1966 928 2031 mittens
959 1969 1129 2034 duos
1160 1971 1245 2032 de
1276 1970 1612 2055 discipulis
1642 1973 1778 2036 suis
1808 1974 1946 2039 ³ait
1978 1974 2069 2038 illi

663 2077 737 2132 tu
768 2092 840 2134 es
869 2073 982 2154 qui
1015 2085 1333 2138 uenturus
1363 2097 1436 2139 es
1470 2097 1557 2140 an
1588 2076 1791 2141 alium
1825 2101 2067 2164 expec-

743 2183 963 2238 tamus
982 2181 1009 2238 Ρ

605 2272 635 2312 ⁴
656 2287 722 2340 et
754 2281 1159 2362 respondens
1192 2281 1361 2346 iesus
1391 2283 1485 2347 ait
1518 2282 1642 2347 illis

659 2391 890 2446 euntes
918 2386 1286 2450 renuntiate
1306 2387 1571 2452 iohanni
1598 2409 1770 2470 quae
1787 2391 2064 2455 audistis

740 2497 808 2550 et
840 2487 1100 2561 uidistis

1273 637 1452 699 EUA
1466 639 1912 701 NGELIUM
1957 638 2484 704 SECUNDUM
2531 645 2665 707 MA
2685 647 3091 712 TTHEUM
3592 651 3629 714 8
3647 670 3667 712 ι

2224 829 2251 868 ⁵
2269 832 2444 896 caeci
2476 834 2704 900 uident

2265 935 2485 1001 claudi
2516 937 2858 1003 ambulant

2263 1039 2503 1123 leprosi
2535 1044 2941 1107 mundantur

2260 1145 2443 1207 surdi
2473 1146 2749 1210 audiunt

2260 1249 2500 1312 mortui
2528 1260 2875 1333 resurgunt

2262 1372 2586 1435 pauperes
2619 1355 3159 1438 euangelizantur

2215 1438 2326 1517 ⁶et
2372 1455 2608 1521 beatus
2638 1468 2736 1522 est
2767 1460 2879 1540 qui
2925 1478 3057 1522 non
3101 1460 3293 1524 fuerit
3339 1460 3663 1525 scandali-

2345 1569 2532 1624 zatus
2564 1562 2630 1625 in
2661 1583 2768 1625 me

2213 1653 2238 1693 ⁷
2258 1660 2385 1725 illis
2413 1675 2635 1728 autern
2667 1665 3065 1730 abeuntibus

2258 1768 2480 1850 coepit
2532 1770 2702 1832 iesus
2755 1769 2969 1833 dicere
3017 1771 3103 1834 ad
3151 1771 3381 1835 turbas
3428 1770 3516 1835 de
3565 1773 3661 1835 io-

2343 1871 2562 1934 hanne

2254 1976 2417 2058 quid
2507 1976 2736 2040 existis
2832 1978 2899 2040 in
2997 1978 3329 2041 desertum
3434 1979 3662 2042 uidere

2343 2079 2779 2144 harundinem
2812 2091 3013 2146 uento
3043 2082 3413 2164 agitatam?

2209 2176 2372 2247 ⁸sed
2453 2184 2612 2266 quid
2697 2185 2928 2247 existis
3010 2185 3233 2247 uidere
3320 2183 3656 2249 hominem

2345 2287 2656 2351 mollibus
2703 2289 3065 2352 uestitum?

2255 2412 2408 2455 ecce
2438 2391 2551 2473 qui
2596 2389 2905 2454 mollibus
2945 2392 3313 2456 uestiuntur
3348 2394 3413 2455 in
3444 2393 3658 2457 domi-

2340 2495 2466 2558 bus
2499 2514 2727 2577 regum
2759 2505 2911 2558 sunt

733 2740 839 2799 XI.
882 2739 900 2773 ¹
921 2742 998 2801 Et
1047 2743 1259 2804 factum
1310 2758 1415 2805 est.
1492 2767 1629 2807 cum
1684 2761 2145 2810 consummasset
2192 2752 2344 2810 iesus
2388 2750 2747 2827 praecipiens
2803 2750 3113 2809 duodecim
3168 2749 3461 2827 discipulis
3517 2752 3655 2812 suiS.

653 2838 879 2893 transiit
906 2838 1040 2896 inde
1071 2849 1133 2897 ut
1162 2839 1398 2900 doceret
1424 2853 1481 2900 et
1509 2843 1880 2918 praedicaret.
1936 2845 1996 2903 in
2026 2846 2351 2904 ciuitatibus
2378 2862 2599 2904 eorum.

815 2926 839 2959 ²
856 2931 1140 2992 iohannes
1168 2943 1378 2993 autem.
1434 2954 1569 2994 curn
1598 2936 1854 2996 audisset
1891 2938 1952 2996 in
1981 2958 2208 2999 carcere
2239 2956 2418 3015 opera
2445 2936 2662 2996 christi.
2716 2938 2948 2995 mittens
2977 2936 3292 3013 discipulos
3319 2954 3474 2996 suos
3533 2938 3554 2969 ³
3575 2939 3654 2998 ait

649 3021 727 3079 illi
757 3033 819 3080 tu
849 3043 913 3083 es
942 3028 1041 3101 qui
1069 3038 1347 3087 uenturus
1377 3048 1454 3088 es.
1508 3048 1584 3088 an
1614 3031 1787 3088 alium
1811 3042 2204 3109 expectamus
2253 3034 2274 3066 ⁴
2294 3042 2351 3090 et
2373 3031 2733 3107 respondens
2754 3031 2907 3089 iesus
2935 3030 3014 3087 ait
3041 3030 3166 3088 illis.
3217 3041 3415 3090 euntes
3437 3050 3652 3091 renun-

650 3116 788 3175 tiate
832 3117 1073 3178 iohanni
1116 3140 1267 3199 quae
1298 3123 1535 3182 audistis
1577 3133 1634 3182 et
1677 3124 1915 3183 uidistis).
1967 3125 2165 3185 “caeci
2206 3126 2409 3184 uident
2438 3124 2642 3189 claudi
2681 3125 2999 3182 ambulant.
3049 3123 3260 3201 leprosi
3297 3125 3654 3184 mundantur

648 3211 807 3270 surdi
851 3215 1093 3274 audiunt
1140 3219 1356 3276 mortui
1404 3229 1713 3294 resurgunt
1762 3237 2049 3297 pauperes
2098 3220 2582 3296 euangelizantur.
2640 3220 2735 3277 ⁶et
2776 3222 2979 3277 beatus
3020 3232 3121 3278 est.
3178 3221 3443 3296 quinon
3486 3221 3652 3279 suerit

645 3308 1065 3368 scandalizatus
1091 3311 1150 3368 in
1178 3329 1291 3370 me.
1347 3313 1369 3345 ⁷
1387 3312 1497 3370 iuis
1527 3324 1721 3372 autem
1750 3315 2095 3374 abeuntibus
2113 3316 2316 3390 coepit
2346 3313 2717 3372 iesusdicere
2747 3306 2824 3372 ad
2852 3315 3049 3372 turbas
3077 3314 3151 3373 de
3179 3313 3449 3373 iohanne.
3508 3312 3649 3393 quid

646 3400 842 3460 existis
869 3403 929 3460 in
959 3402 1252 3462 desertum
1294 3406 1492 3464 uidere
1530 3408 1873 3465 arundinem
1910 3426 1947 3466 a
1988 3419 2167 3467 uento
2204 3408 2446 3467 moueri.
2505 3407 2649 3468 ‘sed
2687 3407 2824 3484 quid
2852 3408 3066 3465 existis,
3123 3408 3321 3466 uidere
3349 3407 3648 3467 hominem

642 3636 932 3683 minimis:
980 3634 1128 3684 minis
1162 3636 1219 3686 E.
1289 3640 1555 3688 calicem:
1601 3647 1775 3702 potum
1813 3638 1891 3689 D*
1927 3640 2041 3701 (cal.

644 3714 783 3777 mg).
853 3712 1031 3777 frigide
1065 3714 1240 3763 LWY.
1306 3721 1560 3765 tantum:
1594 3723 1755 3766 tatum
1792 3717 1861 3765 H.
1928 3722 2042 3766 dis-

640 3794 823 3850 cipuli
854 3809 889 3838 ÷
920 3800 1110 3842 tantum
1134 3793 1198 3842 Ο.

706 3868 801 3918 xl.
832 3883 874 3917 1.
908 3875 994 3919 est
1014 3885 1107 3919 om.
1135 3877 1194 3918 ut
1216 3870 1379 3919 udtur
1391 3869 1470 3920 D*
1489 3872 1508 3933 (
1527 3886 1562 3921 «ι-
1585 3870 1699 3938 D1).
1765 3888 1858 3922 con
1888 3871 1897 3938 Ι
1926 3889 2040 3923 con-

641 3954 885 3997 sumaaeet
907 3948 965 3997 L.
1033 3951 1217 3998 iesus:
1250 3963 1285 3998 «ι-
1317 3964 1567 3999 sermones
1586 3949 1680 4000 hos
1706 3952 1788 4009 D3
1836 3953 2042 4001 ÷nerba

641 4023 766 4074 haec
787 4026 1076 4089 32-0LQR3
1114 4040 1149 4075 «ι-
1178 4026 1348 4075 omnia
1370 4027 1519 4075 uerba
1540 4027 1663 4078 haec
1686 4028 1812 4077 Ew.
1880 4042 2039 4087 prae-

640 4106 859 4160 cipiens
901 4108 1027 4167 (pre.
1070 4103 1225 4165 DV):
1276 4107 1529 4169 praecepit
1574 4105 1635 4155 E.
1703 4110 2035 4156 duodecim:

637 4190 757 4228 -xll-
790 4180 1122 4246 DEffLffiqsi
1146 4179 1328 4243 L*)W.
1396 4185 1620 4232 transiit
1646 4182 1879 4246 (μετέβη)
1906 4185 2038 4233 codd.

624 4259 703 4323 pl.
726 4265 774 4308 et
789 4259 1018 4308 transiuit
1034 4260 1121 4308 ff:
1157 4260 1332 4309 transit
1351 4261 1538 4324 ELQR
1551 4261 1668 4311 uide
1683 4263 1870 4313 adloh.
1887 4277 1933 4314 v,
1956 4276 2036 4326 ²4·

636 4337 912 4401 predicaret
935 4337 1069 4386 Dw.

706 4429 749 4463 2.
784 4410 1017 4464 iohannis
1066 4413 1302 4475 EfflLR,
1346 4414 1475 4464 ioh-
1520 4416 1590 4477 D,
1652 4416 1856 4466 ioannes
1913 4414 2034 4472 ξπ.

632 4492 871 4541 audiisset
910 4492 978 4552 D,
1019 4492 1222 4541 audis¹⁰‘
1260 4493 1329 4543 H.
1396 4493 1584 4557 hopera
1624 4494 1682 4544 C.
1753 4498 1896 4544 duos
1932 4497 2032 4559 (·11-

634 4571 741 4627 D):
775 4571 1408 4636 onaLcumabcfhh
1441 4571 1503 4636 cf.
1529 4572 2023 4638 perdiscipulosq==

633 4646 711 4696 διὰ
732 4649 831 4697 τῶν
850 4650 1078 4710 μαθητῶν
1112 4650 1163 4699 Τ
1156 4650 1276 4699 isch.
1303 4651 1379 4700 W.
1399 4651 1472 4699 H.
1538 4653 1639 4700 de:
1675 4667 1736 4699 ex
1762 4652 1827 4700 D.

700 4740 747 4788 3.
780 4730 865 4776 ait«
885 4730 977 4778 ini
1008 4728 1137 4776 codd.
1153 4729 1230 4791 pl.
1254 4735 1301 4777 et
1321 4744 1399 4792 vg.
1419 4745 1431 4778 ς
1466 4728 1536 4778 ait
1559 4728 1659 4778 illis
1679 4730 1929 4779 1)ΕέΜὸ
1934 4729 2032 4792 QR

629 4821 744 4853 cum
775 4821 952 4869 graeco
988 4805 1062 4862 M.
1098 4813 1148 4854 et
1182 4806 1242 4865 b;
1288 4812 1458 4856 euntes
1491 4806 1643 4856 dicite
1673 4807 1732 4855 L.
1800 4808 1919 4856 Post
1949 4810 2032 4855 ait

629 4886 748 4932 illia
780 4897 817 4933 -ι-
844 4891 1016 4934 euntes
1036 4884 1184 4934 dieite
1209 4884 1305 4933 DR
1322 4890 1459 4948 επις
1507 4898 1544 4936 4
1572 4894 1743 4934 euntes
1773 4885 1922 4934 dieite
1953 4883 2030 4933 illi

630 4962 705 5019 E3
751 4975 790 5012 -ι-
818 4962 887 5011 ite
924 4969 975 5012 et
1013 4960 1163 5012 dicite
1206 4962 1254 5011 ei
1291 4963 1350 5013 J.
1415 4960 1514 5011 han
1560 4962 1620 5012 C.
1688 4970 2031 5027 exspectamus

628 5038 918 5089 EPKMD
936 5041 1044 5099 (sed
1060 5055 1084 5088 s
1102 5048 1183 5103 pr.
1207 5041 1410 5099 erasm).

693 5136 743 5176 4.
776 5134 871 5168 om.
896 5122 1049 5167 iesus
1073 5116 1175 5180 A*(
1192 5120 1436 5180 ÷corr.)C
1459 5135 1472 5177 ;
1511 5125 1566 5174 >
1587 5118 1658 5168 ait
1683 5117 1789 5166 illis
1811 5118 1940 5167 iesus
1965 5117 2025 5169 R.

628 5200 909 5247 renunciate
928 5195 1061 5251 Wz.
1111 5198 1279 5246 ioanni
1293 5195 1415 5251 ὅρι’..
1459 5199 1701 5247 audistis
1719 5202 1777 5245 et
1794 5199 2026 5245 uidistis

626 5282 797 5322 contra
824 5289 1021 5337 graecos
1053 5281 1103 5323 et
1133 5274 1383 5323 versiones
1415 5273 1637 5336 (ἀκούετε
1671 5271 1755 5321 καὶ
1785 5270 2026 5334 βλέπετε)

628 5367 739 5401 cum
754 5352 1099 5401 ABDEPHOJ
1110 5351 1695 5414 KMM'OQTVWXYZ
1706 5367 1784 5415 vg.
1798 5351 2027 5413 (audistis

628 5431 875 5480 inuidistis
899 5430 964 5493 L)
984 5447 995 5480 2
1032 5430 1240 5480 audistis
1261 5437 1313 5480 et
1335 5430 1513 5480 uidetis
1535 5430 1647 5487 CR.
1673 5438 1729 5486 >
1760 5426 1953 5479 uidistis
1975 5437 2026 5478 et

2248 3638 2456 3688 audistis
2480 3640 2613 3701 E(F)
2639 3655 2702 3687 ex
2725 3641 2848 3688 Luc.
2875 3639 2958 3688 vii.
2989 3652 3045 3687 22
3072 3636 3225 3687 εἴδετε
3246 3638 3327 3687 καὶ
3349 3638 3610 3699 ἠκούσατε.

2315 3729 2363 3779 5.
2397 3716 2498 3766 ceci
2534 3717 2614 3767 W.
2684 3716 2818 3765 clodi
2853 3716 2920 3776 D,
2956 3716 3092 3765 cludi
3124 3716 3187 3766 R.
3255 3716 3548 3766 hambulant
3581 3717 3642 3768 C.

2247 3797 2599 3843 mundantur
2631 3807 2670 3843 -ι-
2704 3799 2756 3842 et
2801 3794 2862 3841 R.
2930 3794 3067 3842 sordi
3113 3795 3180 3844 D.
3247 3797 3489 3845 audiunt
3521 3809 3557 3845 -ι-
3595 3803 3643 3845 et

2249 3871 2494 3923 DEJLR.
2578 3877 2912 3929 resurgunt:
2990 3871 3285 3921 suscitantur
3357 3873 3439 3930 D;
3519 3885 3555 3921 -ι-
3591 3880 3641 3922 et

2249 3948 2335 3998 DJ
2340 3948 2398 3998 1..
2467 3948 2951 4012 aeunnguelitzantur
2984 3949 3050 4007 D,
3091 3948 3545 4012 aeuangeliszantur
3579 3950 3640 4010 E,

2245 4026 2616 4089 euangeliwtnr
2639 4024 2728 4075 R*.

2310 4104 2358 4152 6.
2391 4119 2485 4152 om.
2522 4110 2611 4153 est
2649 4103 2776 4166 M'T.
2846 4105 3053 4152 fuerit:
3100 4103 3191 4153 erit
3225 4104 3307 4153 W.
3374 4103 3641 4154 scandalis·

2244 4187 2384 4230 zatus
2407 4181 2465 4229 E.
2540 4189 2594 4238 >
2613 4182 2662 4230 in
2685 4198 2766 4230 me
2788 4197 2888 4230 non
2911 4181 3056 4230 fuerit
3078 4197 3144 4231 sc.
3170 4180 3278 4232 LR.
3342 4197 3436 4231 om.
3461 4185 3521 4230 in
3548 4197 3640 4231 me

2240 4258 2297 4307 J.
2349 4260 2419 4308 In
2442 4260 2492 4308 D
2517 4266 2565 4309 et
2588 4260 2630 4307 E
2652 4260 2702 4307 in
2725 4274 2804 4307 me
2824 4275 2937 4307 cum
2961 4259 3270 4322 sequentibus
3291 4260 3598 4322 iunguntur.

2310 4347 2355 4401 7.
2396 4344 2451 4393 >
2469 4337 2762 4387 abeuntibus
2785 4345 2950 4386 autem
2973 4335 3075 4386 illis
3099 4336 3161 4386 R.
3219 4337 3544 4387 habeuntibus
3576 4336 3637 4387 C.

2241 4415 2406 4479 caepit
2445 4415 2606 4475 DLO,
2646 4415 2781 4478 cepit
2815 4415 2897 4463 W.
2970 4422 3026 4470 >
3043 4414 3105 4463 de
3139 4414 3239 4463 ioh.
3275 4414 3338 4463 ad
3371 4414 3543 4464 turbas
3576 4415 3634 4465 F.

2241 4494 2487 4542 iohanne
2515 4494 2667 4556 (ioan.
2687 4489 2810 4552 SQI,
2827 4491 2956 4541 ioh-
2981 4492 3085 4555 D);
3123 4504 3162 4542 -1-
3195 4492 3411 4555 baptista
3434 4492 3497 4555 Q,
3518 4492 3637 4541 bab-

2238 4572 2359 4620 titza
2378 4572 2444 4632 D,
2460 4571 2677 4635 baptista
2695 4571 2752 4631 L,
2771 4570 2966 4635 baptiza
2983 4569 3046 4618 R.
3087 4570 3272 4619 exi'stis
3288 4570 3324 4617 Z
3338 4577 3417 4618 ter
3434 4571 3501 4633 (7.
3519 4572 3565 4618 8.
3581 4573 3634 4633 9)

2237 4647 2324 4697 sed
2347 4649 2367 4697 i
2396 4648 2681 4698 correctoris
2705 4655 2786 4696 ter
2801 4664 2924 4697 eras.
2993 4649 3042 4697 in
3077 4647 3270 4697 deserto
3303 4646 3516 4696 EFLZ*.
3583 4649 3634 4697 in

2238 4725 2523 4776 desertum?
2562 4726 2730 4775 uidere
2761 4732 2863 4787 etc„
2895 4726 2967 4774 sic
2998 4725 3325 4789 distinguunt
3360 4726 3634 4785 (Ammo,

2236 4810 2285 4853 et
2306 4805 2364 4852 in
2388 4803 2434 4853 8.
2459 4819 2508 4868 9.
2575 4803 2865 4853 arundinem
2888 4802 3093 4852 oJRw
3117 4818 3194 4866 vg.
3229 4802 3390 4851 Tisch.
3457 4806 3633 4860 agita·

2236 4887 2355 4930 tam
2383 4882 2593 4946 (agitata
2622 4888 2669 4931 et
2693 4898 2794 4930 ras.
2821 4882 2890 4942 H,
2923 4881 3167 4945 agitatum
3191 4880 3288 4941 Y):
3325 4880 3513 4929 moueri
3545 4881 3586 4930 F
3591 4881 3634 4929 L

2235 4975 2347 5008 cum
2373 4960 2402 5009 b
2422 4960 2568 5025 dsgl
2594 4959 2659 5018 Ιις
2692 4974 2755 5008 ex
2774 4960 2917 5009 Luca
2936 4959 3018 5008 vii.
3049 4973 3123 5021 ²4·

2306 5049 2349 5102 7,
2371 5039 2416 5087 8.
2459 5045 2513 5094 >
2534 5037 2790 5087 hominem
2815 5037 3052 5086 mollibus
3072 5044 3192 5086 uest.
3219 5051 3333 5085 ecoe
3353 5052 3400 5100 q.
3422 5052 3488 5089 m.
3509 5053 3556 5086 u.
3585 5037 3630 5085 in

2235 5115 2285 5165 d.
2305 5132 2341 5164 r.
2367 5124 2482 5166 sunt
2503 5116 2589 5165 sed
2613 5132 2661 5181 q.
2681 5132 2723 5166 e.
2743 5131 2791 5163 u.
2815 5114 3101 5164 arundinem
3121 5121 3271 5163 uento
3289 5115 3527 5178 agitatam
3549 5114 3630 5163 W.

2302 5196 2346 5242 8.
2382 5196 2671 5243 hominem
2704 5196 2970 5243 mollibus
3000 5205 3036 5241 -ι-
3066 5191 3286 5241 uestibus
3313 5192 3357 5240 L
3380 5198 3485 5254 gat.
3516 5207 3630 5240 cum

2226 5271 2421 5335 graecis
2443 5271 2706 5335 plurimis.
2774 5285 2903 5321 ecoe
2939 5272 3102 5332 (eecce
3132 5269 3195 5333 L)
3228 5273 3329 5327 qui
3362 5273 3633 5319 mollibus

2233 5353 2592 5399 uestiuntur:
2633 5365 2726 5398 om.
2764 5349 2821 5397 E.
2889 5351 3181 5398 domibus:
3229 5347 3515 5397 dominibus
3556 5348 3629 5396 Ε*

2238 5429 2291 5495 (n
2316 5427 2635 5492 improbata).
2702 5441 2908 5490 reguum
2934 5425 2998 5485 R,
3021 5429 3192 5489 regum
3215 5425 3280 5476 Y.
