4717 6400
877 683 998 748 182

1367 855 1587 905 AHVY.

872 1229 1097 1288 XXXI.
1141 1229 1481 1290 Pharisaeos
1531 1231 1605 1290 de
1659 1250 1840 1291 uxore
1889 1231 2075 1289 dimit·

951 1323 1128 1383 tenda
1169 1335 1511 1401 quaerentes
1552 1326 1704 1386 mosi
1745 1325 2075 1386 testimonio

952 1419 1245 1478 conuincit
1292 1428 1350 1478 et
1395 1418 1645 1479 infantes
1700 1439 1736 1478 a
1786 1439 1848 1479 se
1896 1418 2075 1478 uetari

950 1511 1268 1589 prohibens
1294 1513 1600 1573 benedicit.

872 1780 1130 1841 XXXII.
1171 1781 1264 1842 De
1314 1783 1643 1843 difficultate
1692 1782 1934 1842 diuitum
1983 1783 2075 1841 in-

950 1876 1140 1935 trandi
1189 1878 1252 1935 in
1301 1895 1545 1954 regnum
1594 1878 1688 1936 dei
1735 1877 2075 1938 mirantibus

951 1970 1244 2047 discipulis
1270 1972 1350 2030 ait
1370 1982 1761 2031 contemtores
1787 1973 2076 2032 bonorum

951 2064 1327 2125 saecularium
1375 2067 1709 2143 centuplum
1758 2084 1895 2125 cum
1943 2085 2074 2143 per-

950 2160 1343 2218 secutionibus
1370 2171 1725 2237 recepturos

851 2240 1158 2311 2⁵XXXIII.
1208 2253 1356 2312 Item
1409 2254 1754 2331 praedicens
1801 2271 1863 2313 se
1919 2255 2075 2314 occi-

951 2346 1211 2406 dendum
1265 2347 1433 2407 sedes
1486 2358 1748 2425 petentes
1802 2348 2072 2408 iacobum

943 2442 1208 2518 increpat
1228 2450 1286 2500 et
1307 2441 1626 2502 iohannem
1648 2443 1721 2501 de
1742 2443 2072 2519 principatu

950 2535 1193 2611 gentiles
1208 2535 1525 2613 prohibens
1545 2536 1861 2597 imitandos
1882 2535 2071 2595 humi-

950 2628 1126 2688 litatis
1152 2629 1424 2707 exemplo
1450 2641 1790 2691 monstrato,

867 2720 1189 2782 XXXIIII.
1231 2723 1595 2784 Bartimaeus
1644 2742 1849 2785 caecus
1903 2741 2070 2782 men-

949 2815 1152 2877 dicans
1178 2818 1555 2877 inluminatur
1581 2829 1639 2877 et
1666 2819 1935 2897 sequitur.

865 2909 1120 2969 XXXV.
1164 2911 1341 2971 Mittit
1368 2912 1576 2972 adduci
1612 2913 1836 2991 pullum
1875 2913 2071 2972 asinae

947 3005 1043 3063 cui
1071 3005 1284 3066 sedens
1311 3007 1469 3066 audit
1496 3025 1532 3066 a
1559 3007 1742 3067 turbis
1769 3024 2012 3067 osanna.

868 3097 1153 3157 XXXVI.
1173 3150 1182 3159 .
1202 3099 1488 3177 Egressus
1529 3101 1603 3160 de
1646 3102 1865 3179 templo
1908 3101 2069 3160 ficul-

948 3212 1094 3253 neae
1135 3194 1426 3255 maledicit
1473 3215 1881 3275 regressusque
1929 3215 2069 3257 uen-

949 3288 1155 3347 dentes
1210 3289 1339 3349 eicit
1395 3290 1760 3369 arefactaque
1821 3291 2071 3350 ficulnea

946 3382 1288 3442 mirantibus
1349 3384 1428 3443 ait
1491 3395 1722 3445 orantes
1777 3386 2069 3445 credendo

947 3477 1211 3553 accipere
1239 3478 1545 3554 postulata.

866 3659 1184 3722 XXXVII.
1226 3664 1318 3725 De
1356 3674 1641 3743 potestate
1677 3668 2070 3744 percontanti-

946 3759 1058 3818 bus
1094 3759 1334 3819 iudaeos
1375 3760 1498 3837 ipse
1540 3761 1614 3820 de
1651 3762 1942 3838 baptismo
1983 3762 2068 3821 io·

947 3852 1159 3912 hannis
1211 3853 1623 3931 interrogando
1674 3856 1965 3916 conuincit
2011 3866 2069 3915 et

948 3946 1022 4005 de
1049 3946 1222 4006 uinea
1239 3947 1580 4027 colonisque
1607 3950 1874 4027 pessimis
1900 3969 2068 4028 para-

947 4039 1144 4100 bolam
1170 4041 1351 4119 ponit.

865 4334 1214 4394 XXXVIII.
1259 4336 1604 4398 Temtantes
1654 4340 1729 4398 de
1770 4340 2068 4400 reddendo

928 4537 1153 4586 XXXII.
1187 4537 1569 4587 saeculariorum
1602 4540 1771 4590 Thom.

931 4603 1179 4651 XXXIII.
1228 4603 1291 4652 de
1332 4604 1664 4668 principatum
1704 4605 1774 4654 H.
1841 4606 2070 4670 exempla

862 4667 958 4717 cod.
982 4677 1061 4733 ap.
1094 4668 1264 4718 Tlaom.
1333 4670 1652 4719 monstrando
1677 4671 1847 4720 Thom.

931 4733 1145 4782 XXXV.
1177 4737 1384 4784 adduci
1407 4738 1658 4792 pullum:
1686 4737 1750 4784 ad
1769 4736 2068 4801 discipulum

867 4798 952 4847 Η*
987 4799 1137 4862 (corr.
1175 4799 1272 4860 H1)
1305 4799 1367 4848 Y.
1433 4804 1556 4851 oui:
1602 4802 1742 4851 cuius
1783 4803 1851 4853 H.
1919 4802 2071 4852 audet

867 4864 953 4920 H:
988 4864 1178 4914 audiuit
1210 4865 1381 4914 Tltom.

931 4930 1174 4979 XXXVI.
1210 4931 1353 4981 eiecit
1393 4931 1563 4981 Thorn.
1630 4948 1723 4984 om.
1755 4937 2069 4984 uendentes

865 4998 966 5045 eie.
990 4998 1345 5054 arefactaque
1369 4997 1430 5046 Y.

930 5060 1201 5113 XXXVII.
1237 5068 1581 5128 percontantes
1605 5063 1655 5113 H
1690 5064 1861 5114 Thom.

1829 687 2053 750 CAPJ
2057 686 2117 746 T
2115 688 2282 747 ULA
2337 688 2453 748 IN
2489 687 3137 749 EUANGE'LIUM

2384 856 2526 907 ΕΘΤ
2546 857 2701 907 Harl.
2729 866 2873 922 2797.

2261 950 2394 1009 Hac
2443 950 2515 1008 de
2571 949 2744 1009 oculo
2799 967 2980 1008 manu
3029 958 3085 1008 et

2339 1045 2490 1122 pede
2518 1044 2832 1104 heruendo.

2257 1138 2334 1196 Et
2362 1139 2585 1197 bonum
2614 1147 2701 1198 est
2728 1138 2831 1198 sal.

2260 1231 2573 1292 Huxorem
2605 1251 2729 1292 non
2758 1232 2970 1292 debere
2999 1232 3084 1290 di-

2340 1327 2506 1385 mitti.

2259 1420 2518 1480 Infantes
2546 1440 2669 1481 non
2696 1420 3046 1498 arguendos.

2258 1608 2529 1669 Uenditis
2598 1610 2870 1670 omnibus
2930 1608 3081 1668 aele-

2341 1721 2651 1780 mosynam
2679 1702 2950 1762 dandam.

2259 1797 2338 1856 Et
2399 1797 2628 1857 difficile
2691 1797 2931 1856 diuitem
2994 1795 3079 1854 in-

2342 1900 2491 1951 trare
2520 1892 2582 1950 in
2610 1909 2858 1967 regnum
2886 1890 2996 1949 dei.

2176 2258 2408 2315 v1111.
2453 2257 2641 2322 Quae
2673 2257 2781 2314 aei
2808 2258 3080 2313 hessent

2338 2356 2630 2409 uentura
2654 2349 3008 2421 praedicit.

2258 2442 2349 2503 De
2379 2443 2509 2502 filiis
2536 2443 2791 2503 zebedei.

2256 2724 2349 2783 De
2376 2742 2554 2784 caeco
2582 2723 2952 2783 mendicante
2980 2741 3083 2782 cu-

2334 2829 2480 2877 rato,

2256 2912 2350 2973 De
2377 2913 2540 2990 pullo
2566 2912 2836 2988 hasynae.

2256 3100 2347 3160 De
2390 3100 2787 3161 nummolariis
2825 3098 2898 3159 de
2937 3110 3081 3159 tem-

2335 3195 2437 3274 plo
2465 3194 2738 3272 hegectis.

2256 3290 2347 3351 De
2395 3289 2645 3350 ficulnea
2686 3308 2836 3368 quae
2886 3288 3085 3348 harida

2338 3384 2490 3444 facta
2516 3395 2619 3443 est.

2255 3478 2349 3538 De
2392 3478 2646 3555 peccatis
2700 3476 2937 3536 fratrum
2993 3495 3083 3534 re-

2336 3571 2647 3630 mittendis.

2173 3674 2253 3729 X.
2295 3674 2767 3741 Interrogatus
2821 3671 2897 3727 in
2945 3685 3081 3741 qua.

2333 3770 2670 3837 potestate
2746 3767 2914 3823 haec
2984 3767 3080 3823 fa-

2334 3864 2520 3918 oeret

2252 3953 2325 4012 de
2354 3951 2635 4012 Iohannis
2662 3952 2954 4011 babtismo
2992 3952 3078 4008 in-

2333 4056 2604 4123 terrogat.

2254 4141 2542 4200 Parabola
2569 4141 2642 4200 de
2680 4140 2852 4200 uinea
2888 4150 2946 4199 et
2981 4158 3078 4199 co-

2333 4235 2502 4294 lonis.

2254 4328 2346 4388 De
2375 4330 2615 4388 denario
2646 4328 2914 4388 caesaris.

2240 4525 2386 4575 VIII.
2422 4541 2515 4573 om.
2531 4529 2601 4574 de
2615 4532 2731 4573 ante
2747 4528 2911 4575 oculo
2926 4526 3079 4575 Harl.

2173 4592 2362 4641 bonum
2396 4606 2502 4640 esse
2535 4590 2609 4639 sal
2642 4591 2810 4639 Thom.
2873 4606 3077 4654 regnum

2173 4658 2425 4708 caelorum
2448 4657 2511 4706 Θ.

2239 4722 2415 4772 VIIII.
2461 4726 2755 4779 haynae-f
2772 4729 2823 4771 et
2860 4721 3079 4771 claman-

2173 4789 2307 4838 tibus
2330 4789 2533 4836 Osanna
2565 4788 2617 4835 T
2608 4787 2738 4835 hom.
2764 4785 2889 4851 (non
2911 4795 3080 4837 autem

2173 4855 2321 4903 Alex.
2374 4853 2475 4916 14).
2567 4867 2694 4917 quae
2744 4853 2961 4903 arefacta
3005 4859 3081 4902 est

2183 4920 2354 4969 Thone.

3203 858 3239 907 J
3269 857 3478 921 (breues)
3502 858 3599 908 ΟΧ
3610 859 3731 907 Par.
3756 858 3872 909 Lat.
3903 860 4077 923 10438.

3190 1249 3431 1291 uxorem
3461 1251 3582 1291 non
3610 1231 4012 1292 dimittendam

3185 1418 3435 1478 infantes
3462 1439 3499 1479 a
3531 1419 3935 1480 benedictione
3972 1438 4092 1479 non

3266 1532 3394 1573 esse
3419 1514 3705 1574 arcendos

3184 1608 3432 1667 uenditis
3482 1609 3758 1667 omnibus
3807 1609 4091 1687 elemosy-

3265 1720 3404 1760 nam
3435 1702 3691 1761 dandam

3181 1807 3239 1856 et
3265 1797 3403 1873 quia
3431 1795 3656 1856 difficile
3683 1797 3847 1857 diues
3873 1798 3934 1855 in
3961 1815 4090 1874 reg-

3265 1907 3408 1947 num
3438 1890 3734 1949 caelorum
3768 1890 3841 1950 sit
3871 1891 4090 1968 ingres-

3264 2002 3447 2043 surus,

3183 2253 3384 2312 VIIII.
3426 2254 3504 2312 Et
3525 2263 3768 2313 uentura
3795 2255 3902 2313 sibi
3924 2273 4088 2331 prae-

3265 2347 3402 2407 dicit
3423 2349 3622 2426 petitio
3643 2348 3893 2407 filiorum
3921 2350 4089 2409 zebe-

3266 2441 3395 2500 daei

3186 2732 3260 2791 de
3281 2749 3462 2792 caeco
3491 2732 3858 2793 mendicante
3887 2742 4089 2793 curato

3182 2919 3255 2980 de
3284 2920 3443 2997 pullo
3471 2920 3683 2979 asinae.

3186 3675 3260 3733 X.
3302 3676 3695 3753 Interrogatus
3726 3677 3788 3735 in
3826 3693 3944 3753 qua
3980 3694 4088 3753 po-

3251 3780 3467 3836 ,testate
3495 3770 3641 3830 haec
3675 3770 3887 3831 faceret
3923 3788 4089 3848 para·

3265 3865 3459 3925 bulam
3481 3866 3554 3925 de
3583 3867 3756 3924 uinea
3781 3874 3839 3924 et
3865 3864 4091 3925 colonis

3180 4355 3238 4404 et
3265 4344 3505 4404 denario
3532 4345 3780 4405 caesaris

3247 4536 3393 4584 VIII.
3429 4535 3990 4585 dimIttendam-t-nisi
4020 4535 4088 4583 ob

3181 4601 3558 4650 fornicationem
3581 4602 3629 4649 X
3663 4600 3833 4649 Thom.
3888 4617 3920 4650 a
3941 4601 4087 4650 bene-

3181 4666 3414 4717 dictionis
3436 4682 3488 4715 se
3503 4666 3776 4716 archendos
3791 4665 3881 4715 0¹¹¹.
3934 4681 4088 4715 essar-

3184 4732 3369 4781 cendos
3400 4733 3452 4780 T
3442 4732 3572 4780 hom.
3606 4747 3698 4781 om.
3736 4736 3798 4780 in
3830 4738 3948 4780 ante
3967 4747 4086 4789 reg·

3183 4813 3321 4847 num
3352 4799 3387 4848 J
3393 4799 3442 4846 X
3481 4798 3652 4847 Thone.
3689 4804 3738 4845 et
3772 4796 3976 4846 difficile
4012 4797 4087 4845 di·

3185 4863 3312 4913 uites
3334 4864 3457 4912 inire
3480 4863 3530 4910 in
3552 4879 3589 4911 r.
3614 4862 3737 4913 cael.
3763 4861 3844 4912 0².

3249 4928 3425 4978 VIIII.
3447 4935 3683 4978 euentura
3694 4929 3729 4978 J
3734 4929 3785 4977 X
3803 4929 3855 4976 T
3844 4927 3973 4977 hom.
4003 4931 4086 4976 in—

3184 5000 3503 5052 terronam
3535 5010 3574 5042 e.
3639 5032 3651 5043 .
3674 5010 3711 5042 s.
3747 4994 3804 5042 in
3840 4994 3916 5042 IX
3938 4992 4090 5057 ponit

3194 5060 3365 5120 Thone,
3392 5065 3441 5108 ct
3471 5060 3568 5107 inc.
3686 5075 3787 5108 non
3810 5059 3887 5108 XI
3918 5059 3989 5107 ad
4014 5061 4085 5107 de

3184 5129 3400 5182 pseudo
3421 5128 3666 5175 christis.

3251 5191 3316 5240 X.
3350 5193 3679 5268 interrogatur
3699 5189 3812 5284 Οέζ.
3847 5188 4087 5253 parabola

3185 5255 4089 5396 εζῖιίΐὲὶὶευῗωῐὲεῗίξηᾷήὲοῧῖξᾷ

3186 5386 3331 5502 gsde
3365 5387 3475 5437 den.
3511 5388 3564 5437 J.
3642 5387 3852 5437 caesaris
3890 5385 3964 5434 bas
3996 5401 4088 5436 scr.
