4717 6400
856 678 938 725 22
1815 660 2275 722 CAPITULA
2326 661 2448 723 IN
2483 662 2552 721 E
2556 660 2979 723 UANGELI
2982 661 3129 722 ΠΜ

1376 829 1592 879 AUVY.

934 923 1151 982 seruire
1210 940 1322 981 nec
1382 921 1837 981 sollicitudinem
1888 940 2060 982 escae

933 1026 992 1077 et
1020 1017 1196 1077 uestis
1212 1016 1545 1075 habendam
1566 1016 1669 1075 sed
1688 1034 1937 1093 regnum
1966 1015 2060 1074 dei

935 1111 1213 1170 omnibus
1255 1108 1703 1186 praeferendum
1731 1109 1919 1180 docet,
1950 1128 2060 1169 nec

934 1205 1149 1264 debere
1218 1203 1533 1263 sollicitum
1593 1221 1723 1262 esse
1779 1204 1840 1262 in
1903 1221 2061 1262 cras-

938 1299 1147 1357 tinum.

855 1393 1024 1452 XXI.
1066 1391 1159 1451 De
1182 1409 1458 1451 mensura
1485 1391 1678 1451 iudicii
1709 1390 1925 1462 dicens,
1949 1390 2060 1449 fes-

936 1499 1106 1546 tucae
1124 1485 1219 1545 uel
1239 1486 1419 1544 trabis
1443 1484 1884 1562 comparatione
1906 1485 2061 1545 facta

936 1582 1110 1641 docet
1138 1581 1298 1658 prius
1338 1580 1575 1656 propria
1615 1589 1673 1639 et
1701 1590 1836 1657 post
1873 1579 2061 1641 fratris

936 1676 1081 1734 uitia
1107 1673 1445 1733 resecanda.

800 1790 805 1795 ·
855 1768 1055 1828 XXII.
1100 1768 1382 1828 Sanctum
1451 1767 1699 1826 canibus
1753 1767 2060 1844 porcisque

937 1882 1060 1924 non
1089 1862 1350 1922 dandum
1393 1862 1497 1920 sed
1534 1861 1852 1938 petendum
1881 1879 2062 1938 quae-

932 1957 1185 2016 rendum
1213 1955 1651 2034 pulsandumue
1677 1955 1965 2033 praeficit.

854 2145 1087 2207 XXIIL
1129 2144 1243 2203 Per
1271 2144 1449 2203 latam
1485 2145 1645 2203 uiam
1690 2144 1921 2215 multos,
1956 2162 2061 2221 per

936 2248 1248 2315 angustam
1275 2256 1498 2315 paucos
1539 2238 1777 2297 introire
1819 2246 2060 2296 testatur

936 2342 995 2392 et
1021 2332 1198 2392 falsos
1226 2331 1527 2392 canendos
1556 2350 1685 2391 esse
1714 2331 2056 2409 prophetas;

936 2428 1176 2487 nomine
1194 2443 1429 2504 quoque
1450 2425 1741 2485 fructuum
1770 2427 2057 2485 bonarum

939 2529 1001 2580 et
1040 2519 1330 2578 malarum
1378 2521 1656 2579 arborum
1700 2519 1876 2579 docet
1920 2519 2057 2596 quia

938 2632 1049 2673 nec
1111 2613 1333 2673 malum
1401 2613 1673 2673 uoluntas
1733 2614 1893 2673 bona
1946 2631 2057 2672 nec

938 2709 1163 2768 bonum
1185 2725 1337 2785 opus
1357 2716 1551 2784 potest
1572 2706 1760 2766 facere
1784 2708 2056 2766 uoluntas

938 2802 1113 2865 mala.

859 2895 1120 2955 XXIIII.
1162 2894 1304 2956 Non
1346 2905 1628 2955 uocantes
1682 2912 1903 2954 nomen
1950 2895 2053 2954 do-

938 2991 1082 3049 mini
1125 3007 1237 3048 nec
1276 2990 1519 3048 uirtutes
1561 2989 1619 3046 in
1649 2989 1776 3048 eius
1817 2988 2055 3048 nomine

936 3083 1214 3143 facientes
1231 3083 1336 3142 sed
1356 3083 1664 3159 implentes
1692 3081 2055 3142 uoluntatem

939 3179 1034 3238 dei
1074 3178 1285 3237 intrare
1313 3177 1452 3237 dicit
1479 3177 1541 3235 in
1577 3194 1823 3255 regnum
1863 3176 2054 3236 caelo-

939 3291 1069 3332 rum
1110 3271 1365 3331 adhibita
1391 3273 1830 3348 comparatione
1856 3269 2055 3330 aedifi-

939 3367 1125 3428 cantis
1173 3367 1420 3425 domum
1468 3383 1644 3443 super
1684 3375 1911 3444 petram
1960 3375 2059 3424 aut

939 3480 1114 3538 super
1141 3460 1440 3520 harenam.

860 3554 1054 3615 XXV.
1097 3553 1426 3631 Leprosum
1469 3554 1807 3614 extensione
1848 3571 2059 3614 manus

941 3668 1013 3709 ac
1041 3649 1364 3727 prolatione
1387 3649 1549 3708 uerbi
1569 3648 1708 3709 uolo
1735 3647 2058 3707 mundauit.

861 3743 1087 3803 XXVI.
1127 3742 1503 3803 Centurionis
1542 3761 1791 3821 puerum
1848 3761 2059 3802 curans

940 3838 1182 3898 iudaeos
1226 3837 1300 3897 de
1345 3856 1531 3913 regno
1575 3837 1635 3895 in
1685 3854 1805 3914 quo
1854 3846 2059 3915 gentes

941 3932 1222 4009 promittit
1268 3940 1563 4003 uenturOS,
1607 3930 1813 3991 asserit
1860 3930 2059 4007 expel-

942 4026 1165 4086 lendOS.

861 4121 1117 4181 XXVII.
1167 4121 1385 4181 Socrus
1480 4120 1627 4196 petri
1732 4118 2059 4179 dominicae

941 4233 1152 4274 manus
1194 4223 1353 4274 tactu
1411 4221 1615 4273 sanata
1662 4213 1950 4272 ministrat
2002 4222 2061 4271 et

942 4297 1109 4368 multi
1135 4310 1298 4369 uaria
1323 4308 1657 4367 infirmitate
1687 4315 1978 4366 curantur.

926 4469 1102 4519 XXII.
1137 4468 1367 4534 praefigit
1391 4468 1505 4527 UY,
1526 4467 1714 4532 praesit
1744 4467 1916 4516 Tkom.

922 4534 1121 4585 XXVI.
1156 4545 1384 4584 uenturas
1407 4533 1455 4583 Y
1486 4532 1538 4582 T
1529 4532 1657 4581 hom.

926 4599 1149 4650 XXVII.
1177 4606 1318 4650 sanat
1339 4599 1403 4650 U.
1455 4596 1730 4649 multifaria
1754 4599 1872 4662 (pro
1893 4600 2061 4647 multi

862 4667 1046 4730 mia)
1071 4666 1119 4716 U
1151 4666 1324 4717 Tkom.

2584 830 2647 881 C.

2204 941 2257 980 v.
2302 920 2362 979 N
2364 941 2432 980 ec
2449 922 2831 1000 cogitandum
2850 923 2921 981 de
2933 940 3070 981 esca

2409 1026 2467 1075 et
2477 1017 2826 1076 uestimento
2839 1047 2853 1062 ·
2864 1015 3068 1076 uolati-

2410 1110 2563 1169 libus
2609 1120 2670 1169 et
2723 1109 2853 1168 liliis
2897 1110 3020 1187 agri
3052 1142 3065 1156 ·

2406 1215 2465 1263 et
2494 1204 2880 1264 sollicitudine
2910 1204 3039 1264 diei.

3265 829 3451 881 BHOJ
3455 830 3502 879 T
3523 846 3642 883 aur.
3662 830 3818 888 Hanl.
3848 840 3993 896 2797.

2164 1397 2283 1453 VI.
2335 1397 2494 1453 Non
2546 1409 2696 1469 esse
2762 1395 3101 1465 iudicans
3171 1390 3276 1450 VI.
3320 1389 3463 1449 Non
3510 1409 3640 1451 esse
3680 1410 4071 1470 praepropere

2411 1492 2594 1546 dum.

2262 1584 2296 1640 i.
2341 1583 2434 1641 De
2464 1583 2669 1641 fistuca
2697 1592 2754 1641 et
2783 1583 2977 1641 trabes
3003 1583 3066 1641 in

2408 1676 2639 1736 hoculo.

2251 1772 2305 1836 ii.
2348 1771 2443 1829 De
2518 1770 2848 1847 margaritis
2931 1781 3064 1829 ante

2411 1883 2643 1941 porcos

2225 1961 2301 2018 iii.
2344 1958 2671 2018 Petendum
2702 1958 3065 2035 querendum

2410 2062 2470 2112 et
2494 2053 2866 2130 pulsandum.

2205 2336 2300 2394 iiii.
2344 2334 2438 2393 De
2467 2334 3009 2412 pseudoprophetis.

2242 3286 2292 3325 v.
2334 3267 2429 3328 De
2507 3268 2690 3330 domo
2761 3268 3064 3330 aedificata

2407 3381 2584 3441 super
2651 3377 2884 3442 petram
2968 3362 3064 3421 uel

2406 3476 2668 3517 arenam.

2160 3555 2321 3612 VII.
2335 3556 2768 3614 Descendens
2776 3558 2862 3613 de
2878 3569 3063 3612 mon-

2391 3651 2461 3705 te
2488 3651 2833 3719 leprosum
2849 3653 3063 3727 curat.

2261 3740 2294 3799 i.
2338 3738 2596 3800 Puerum
2708 3740 3062 3801 centurionis

2407 3835 2792 3911 paralyticum
2820 3845 3000 3895 curat.

2248 4115 2303 4174 ii.
2349 4115 2599 4175 Socrum
2630 4116 2784 4175 Petri
2825 4135 2858 4175 e
2887 4115 3062 4175 febri-

2407 4210 2518 4268 bus
2547 4210 2770 4270 liberat.

2208 4476 2299 4526 VI.
2323 4475 2415 4526 iiii.
2428 4482 2542 4541 post
2555 4479 3064 4535 pseudoprophetis

2177 4555 2214 4592 -ι-
2230 4543 2349 4606 qnia
2379 4557 2478 4591 non
2502 4543 2663 4591 omnis
2685 4542 2771 4606 qui
2793 4542 2917 4592 dicit
2940 4541 3063 4593 mihi

2164 4607 2368 4657 domine
2397 4607 2598 4658 domine
2632 4608 2836 4658 intrabit
2869 4609 2921 4657 in
2953 4624 3063 4674 reg-

2167 4689 2286 4723 num
2308 4673 2582 4724 caelorum.

2232 4739 2350 4789 VIl.
2382 4745 2575 4789 curet:
2612 4740 2838 4789 mundat.

3251 1483 3649 1543 iudicandum.

3167 1767 3259 1826 De
3303 1768 3631 1843 margaritis
3678 1777 3813 1827 ante
3857 1785 4073 1845 porcos

3246 1878 3373 1919 non
3416 1862 3716 1921 mittendis
3754 1862 4072 1939 petendum

3249 1956 3613 2032 quarendum
3695 1965 3755 2015 et
3832 1956 4070 2033 pulsan-

3249 2048 3410 2108 dum.

3167 2330 3223 2389 A
3271 2329 3796 2409 pseudoprophetis
3851 2349 4068 2390 cauen-

3249 2425 3407 2483 dum.

3168 2894 3328 2968 Quia
3351 2914 3472 2955 non
3499 2913 3708 2955 omnes
3734 2896 3834 2973 qui
3869 2895 4068 2956 dicunt

3249 2989 3485 3049 domine
3507 2990 3744 3049 domine
3770 2991 4069 3050 intrabunt

3251 3085 3310 3141 in
3337 3102 3522 3161 regno
3550 3083 3861 3144 caelorum.

3168 3176 3261 3237 De
3316 3177 3497 3238 domo
3542 3178 3847 3239 aedificata
3890 3198 4068 3257 super

3249 3284 3472 3349 petram
3499 3274 3595 3333 uel
3622 3292 3876 3334 arenam.

3169 3556 3305 3616 VII.
3346 3555 3678 3634 Leprosum
3706 3557 3965 3617 mundat.

3165 3745 3418 3805 Puerum
3440 3745 3654 3805 tribuni
3682 3746 4067 3823 paralyticum

3247 3848 3428 3898 curat.

3168 4120 3417 4180 Socrum
3443 4122 3592 4199 petri
3628 4141 3665 4181 a
3705 4122 3960 4181 febribus
4000 4122 4066 4180 li-

3248 4215 3426 4274 berat.

3232 4482 3324 4532 VI.
3355 4498 3453 4532 om.
3493 4484 3887 4542 praepropere
3906 4483 4066 4533 Harl.

3167 4558 3314 4663 2322.-
3347 4549 4066 4679 msera...

3167 4630 3443 4730 introi'bmg
3477 4651 3565 4729 ΪΞΘ
3598 4695 3716 4729 aur.
3783 4695 3989 4744 regnum
4025 4679 4067 4727 Β

3166 4761 3354 4860 auVII.
3384 4828 3478 4862 om.
3501 4825 3740 4869 puerum
3762 4813 3981 4860 tribuni
4006 4809 4068 4874 J;

3167 4877 3468 4927 centurionis
3480 4884 3579 4941 pro
3599 4877 3713 4927 trib.
3738 4892 3854 4926 aur.
