4717 6400
938 685 1065 768 348
1604 689 2251 752 EUANGELIUM
2285 690 2814 754 SECUNDUM
2853 693 3196 758 LUCAM.

937 865 1006 921 et
1034 878 1184 923 cum
1216 858 1349 922 iam
1379 878 1513 924 non
1543 858 1743 943 longe
1774 871 1948 926 oeset
1975 882 2015 925 a
2049 864 2255 928 domo

938 962 1115 1026 misit
1161 963 1248 1026 ad
1289 983 1440 1026 eum
1481 966 1776 1030 centurio
1820 966 2071 1031 amicos
2114 967 2340 1031 dicens

1025 1066 1298 1131 domine
1323 1065 1457 1131 noli
1489 1069 1717 1132 uexari

937 1190 1073 1234 non
1101 1171 1276 1235 enim
1308 1171 1548 1253 dignus
1582 1193 1729 1235 sum
1761 1182 1836 1236 ut
1864 1174 1988 1237 sub

1021 1284 1274 1338 tectum
1312 1294 1535 1339 meum
1567 1276 1771 1341 intres

890 1374 916 1414 ⁷
936 1387 1208 1461 propter
1238 1380 1417 1460 quod
1448 1388 1517 1443 et
1547 1400 1657 1444 me
1685 1381 1901 1464 ipsum

1020 1502 1152 1544 non
1199 1503 1346 1546 sum
1392 1484 1667 1566 dignum
1703 1486 2059 1551 arbitratus
2104 1498 2178 1553 ut
2222 1508 2334 1551 ue-

1020 1585 1227 1650 nirem
1259 1587 1347 1650 ad
1383 1597 1453 1651 te

932 1690 1051 1752 sed
1083 1690 1191 1755 dic
1224 1692 1429 1756 uerbo
1457 1701 1526 1755 et
1554 1693 1893 1758 sanabitur

1023 1815 1186 1877 puer
1214 1814 1399 1859 meus

886 1898 1087 1961 ⁸nam
1121 1908 1187 1962 et
1218 1919 1343 1982 ego
1373 1897 1579 1964 homo
1608 1921 1754 1964 sum
1786 1902 1912 1964 sub

927 2019 932 2023 ·
1020 2012 1358 2086 potestate
1388 2005 1788 2069 constitutus

928 2103 1181 2169 habens
1210 2107 1336 2170 sub
1369 2128 1476 2171 me
1507 2107 1747 2172 milites

928 2218 996 2272 et
1027 2209 1180 2273 dico
1209 2209 1362 2275 huic
1390 2213 1562 2274 uade
1592 2222 1662 2276 et
1692 2213 1881 2276 uadit

927 2324 995 2378 et
1024 2314 1158 2379 alio
1188 2315 1343 2379 ueni
1373 2325 1440 2379 et
1471 2317 1649 2379 uenit

928 2425 996 2480 et
1026 2438 1216 2481 seruo
1248 2438 1398 2483 meo
1428 2419 1531 2484 fac
1560 2419 1690 2485 hoc
1726 2430 1793 2485 et
1823 2421 1980 2487 facit

882 2526 908 2565 ⁹
929 2539 1067 2601 quo
1096 2522 1325 2588 audito
1356 2523 1528 2587 iesus
1558 2525 1827 2589 miratus
1857 2535 1957 2588 est

3642 693 3787 784 [vn.
3804 694 3972 762 6-122

2555 873 2623 928 et
2691 885 3046 929 conuersus
3116 866 3543 949 sequentibus
3608 889 3682 933 se
3749 869 3962 935 turbis

2642 969 2819 1032 dixit

2553 1092 2748 1136 amen
2779 1074 2932 1138 dico
2963 1075 3156 1138 uobis
3190 1095 3315 1139 nec
3343 1075 3407 1138 in
3440 1075 3680 1141 israhel

2642 1185 2901 1240 tantam
2933 1176 3134 1241 fidem
3169 1178 3408 1242 inueni.

2480 1273 2535 1314 1⁰
2554 1277 2647 1329 (⁶6·
2672 1280 2717 1328 δ)
2753 1280 2846 1346 Et
2875 1282 3116 1346 reuersi
3147 1284 3261 1364 qui
3293 1284 3476 1347 missi
3509 1282 3771 1348 fuerant

2642 1384 2921 1449 domum

2552 1482 2939 1548 inuenerunt
3037 1504 3301 1548 seruum
3389 1487 3509 1568 qui
3612 1486 3955 1570 languerat

2638 1608 2896 1652 sanum.

2483 1688 2642 1738 11(⁶⁷·
2664 1689 2738 1737 ¹⁰)
2774 1691 2864 1755 Et
2895 1690 3145 1755 factum
3177 1702 3276 1756 est
3308 1670 3621 1775 deinceps

2638 1794 2776 1858 ibat
2808 1795 2874 1857 in
2906 1794 3250 1859 ciuitatem
3273 1816 3446 1878 quae
3469 1806 3742 1863 uocatur
3772 1797 3951 1860 naim

2548 1906 2619 1961 et
2649 1898 2835 1963 ibant
2864 1918 3014 1963 cum
3048 1899 3163 1962 illo
3192 1900 3497 1983 discipuli

2639 2003 2780 2066 eius
2810 2012 2878 2066 et
2910 2003 3106 2065 turba
3134 2004 3409 2085 copiosa

2478 2113 2529 2154 ¹2
2547 2125 2697 2169 curn
2710 2116 2935 2170 autem
2956 2106 3519 2190 adpropinquaret
3537 2118 3769 2191 portae
3788 2109 3949 2172 ciui-

2634 2211 2794 2274 tatis

2546 2324 2615 2377 et
2649 2334 2802 2379 ecce
2838 2313 3189 2379 defunctus
3220 2313 3615 2380 efferebatur

2636 2417 2812 2482 filius
2839 2417 3069 2482 unicus
3102 2419 3295 2483 matri
3328 2440 3485 2484 suae

2548 2533 2617 2587 et
2645 2520 2809 2585 haec
2842 2522 3045 2585 uidua
3074 2530 3213 2584 erat

932 2788 1053 2846 noli
1079 2798 1138 2847 te
1167 2806 1399 2849 uexare.
1450 2790 1585 2867 quia
1612 2779 1738 2848 non
1779 2808 1910 2850 sum
1948 2791 2160 2868 dignus
2196 2800 2261 2850 ut
2297 2793 2407 2851 sub
2444 2800 2665 2849 tectum
2706 2805 2907 2847 meum
2945 2788 3141 2846 intres,
3196 2786 3218 2817 ⁷
3241 2795 3477 2863 propter
3513 2786 3671 2864 quod
3704 2806 3814 2847 nec
3850 2805 3946 2847 me

930 2882 1124 2959 ipsum
1152 2882 1364 2959 dignus
1392 2884 1700 2943 arbitratus
1728 2902 1860 2943 sum
1889 2885 1964 2945 ad
1994 2896 2050 2945 te
2078 2886 2295 2945 uenire.
2354 2884 2457 2944 sed
2487 2885 2580 2944 dic
2609 2884 2794 2942 uerbo
2828 2891 2887 2940 et
2929 2880 3233 2939 sanabitur
3274 2898 3419 2957 puer
3456 2898 3624 2940 meus
3666 2881 3687 2913 ⁸
3708 2899 3849 2939 nam
3887 2893 3947 2941 et

930 2995 1043 3052 ego
1069 2975 1253 3036 homo
1281 2996 1412 3036 sum
1441 2980 1551 3037 sub
1572 2987 1860 3055 potestate
1888 2981 2232 3039 constitutus
2261 2980 2486 3038 habens
2514 2979 2622 3036 sub
2650 2996 2747 3036 me
2776 2975 3001 3034 milites.
3036 2968 3114 3033 ‘et
3144 2973 3276 3033 dico
3307 2974 3440 3034 huic
3460 2974 3626 3034 uade.
3688 2985 3744 3034 et
3764 2975 3945 3035 uadit.

928 3079 989 3129 et
1017 3071 1132 3131 alio
1157 3072 1311 3130 ueni.
1367 3081 1427 3131 et
1464 3073 1627 3131 uenit
1663 3083 1721 3130 et
1756 3091 1928 3132 seruo
1970 3092 2108 3133 meo
2151 3073 2241 3133 fac
2283 3073 2399 3132 hoc
2441 3082 2499 3132 et
2541 3071 2695 3130 facit.
2752 3071 2773 3103 ⁹
2794 3069 2885 3128 his
2927 3068 3138 3128 auditis
3177 3067 3332 3126 iesus
3374 3069 3682 3128 miseratus
3721 3078 3827 3128 est.
3886 3080 3944 3129 et

928 3183 1245 3225 conuersus
1272 3167 1643 3243 sequentibus
1671 3185 1735 3227 se
1761 3168 1943 3228 turbis
1972 3169 2131 3227 dixit.
2189 3186 2366 3228 amen
2395 3168 2529 3227 dico
2555 3165 2726 3226 uobis
2754 3182 2865 3224 nec
2894 3164 2953 3222 in
2983 3161 3230 3223 isdrahel
3259 3170 3484 3221 tantam
3511 3163 3686 3222 fidem
3726 3164 3943 3225 inueni.

930 3260 974 3292 ¹⁰
991 3269 1050 3318 et
1075 3262 1293 3320 reuersi
1320 3263 1421 3339 qui
1450 3262 1613 3321 missi
1641 3262 1867 3321 fixerant
1895 3262 2141 3323 domum
2169 3265 2516 3322 inuenerunt
2544 3278 2777 3320 seruum
2805 3260 2905 3336 qui
2934 3257 3248 3334 languebat
3274 3275 3503 3315 sanum.
3579 3254 3618 3287 ¹¹
3637 3268 3695 3317 et
3720 3259 3943 3319 factum

928 3364 1018 3413 est
1042 3355 1104 3413 in
1131 3356 1395 3434 sequenti
1423 3355 1518 3414 die
1544 3356 1664 3415 ibat
1699 3357 1761 3414 in
1795 3358 2089 3417 ciuitatem
2124 3376 2276 3436 quae
2308 3366 2556 3416 uocatur
2593 3355 2770 3413 naim.
2827 3362 2886 3412 et
2922 3353 3088 3412 ibant
3120 3368 3258 3410 cum
3294 3350 3391 3411 illo
3425 3351 3687 3429 discipuli
3720 3354 3846 3413 eius
3884 3365 3942 3413 et

928 3449 1097 3507 turba
1151 3450 1408 3527 copiosa.
1481 3448 1525 3480 ¹²
1541 3459 1604 3508 ut
1652 3460 1847 3510 autem
1890 3450 2380 3528 adpropinquauit
2419 3458 2623 3527 portae
2665 3446 2910 3506 ciuitatis
2951 3457 3009 3505 et
3049 3463 3186 3504 ecce
3228 3444 3537 3505 defunctus
3569 3447 3941 3506 efferrebatur

927 3701 1136 3757 manus
1168 3712 1295 3747 tum
1329 3698 1512 3760 (ἱκανός
1543 3701 1636 3762 εἰμι
1673 3702 1781 3762 κΒ)
1815 3701 1945 3751 codd.
1969 3707 2018 3749 et
2045 3700 2073 3748 b
2091 3698 2164 3765 ff}
2186 3700 2211 3748 l
2237 3716 2269 3765 q
2296 3717 2329 3748 r

926 3792 1075 3826 aunt
1116 3783 1172 3832 >
1196 3790 1306 3824 sum
1339 3776 1520 3840 dignus
1551 3793 1631 3844 vg.
1665 3779 1768 3830 edd.
1803 3785 1910 3828 ant.
1939 3779 2143 3828 Hailbr.
2180 3777 2324 3843 1476,

936 3854 1081 3903 Wild
1102 3855 1246 3920 1481,
1274 3854 1453 3905 R'esler
1485 3857 1628 3920 1487,
1659 3857 1924 3920 Paganini
1957 3864 2100 3921 1497,
2133 3856 2326 3906 Froben

932 3945 1078 3995 1502,
1101 3932 1260 3980 Sacon
1287 3945 1410 3998 1515
1440 3940 1488 3982 et
1512 3946 1654 3998 1519,
1678 3934 1923 3983 Maresck.
1951 3947 2094 3997 1531,
2125 3933 2326 3983 Uiuian

927 4016 975 4060 et
991 4011 1150 4058 Iunia
1170 4022 1228 4073 15
1236 4023 1313 4072 34,
1334 4026 1368 4059 a
1395 4009 1518 4072 (non
1535 4027 1646 4060 sum
1661 4011 1793 4060 enim
1814 4012 2015 4076 dignus)
2038 4028 2063 4061 c
2083 4010 2123 4060 d
2139 4027 2163 4060 e
2169 4010 2221 4075 f
2231 4012 2258 4058 δ
2279 4017 2330 4060 et

920 4102 1003 4151 gr.
1028 4088 1135 4137 rell.
1164 4087 1256 4148 εἰμι
1281 4086 1454 4139 ἱκανός.
1522 4095 1657 4139 tecto
1678 4105 1791 4139 meo
1812 4089 1922 4156 bff²
1944 4091 1978 4140 l.

995 4175 1040 4228 7.
1073 4172 1305 4224 propter
1347 4170 1503 4224 quod
1544 4204 1556 4217 .
1600 4205 1615 4218 .
1656 4204 1669 4216 .
1710 4170 1783 4216 ad
1827 4174 1885 4217 te
1929 4182 2024 4217 om.
2062 4174 2170 4232 gat.
2210 4182 2323 4215 cum

925 4241 1698 4309 abcdeff2*lretD0''min.
1762 4261 1854 4296 om.
1883 4253 2047 4310 etpr.
2075 4247 2129 4294 B.
2198 4260 2325 4294 eum

926 4321 1113 4382 (solum
1153 4321 1219 4370 Ζ*
1252 4323 1339 4371 sed
1371 4323 1517 4388 corr.)
1554 4326 1792 4380 dignum
1832 4326 2168 4372 arbitratus:
2214 4338 2324 4371 sum

925 4398 1104 4464 dignus
1141 4398 1405 4450 arbitratus
1438 4397 1618 4450 DMz*
1634 4400 1729 4456 “³3
1784 4408 1840 4456 >
1875 4400 2055 4465 dig-nus
2096 4400 2324 4466 (dignum

926 4477 1024 4541 G0)
1048 4477 1311 4527 arbitratus
1342 4492 1452 4527 sum
1486 4477 1535 4526 G
1552 4478 1618 4542 s;
1653 4493 1764 4527 sum
1793 4477 1971 4542 dignus
2000 4478 2223 4526 arbitrari
2245 4477 2324 4537 T;

925 4554 1132 4619 dignum
1153 4570 1234 4604 me
1253 4554 1470 4605 indicaui
1493 4572 1540 4620 q.
1607 4556 1810 4605 uerbum
1832 4555 1881 4604 G
1903 4556 1928 4604 l
1949 4562 1996 4604 et
2016 4571 2098 4620 gr.
2121 4555 2168 4604 T
2191 4556 2316 4604 min.

923 4631 1096 4694 λόγον.
1177 4633 1429 4682 sanauitur
1469 4633 1535 4694 Ο,
1578 4633 1768 4683 sabitur
1810 4631 1907 4695 X‘,
1951 4633 2229 4683 salbabitur
2271 4634 2323 4695 d,

923 4710 1175 4762 curabitur
1193 4727 1219 4760 c
1239 4728 1279 4761 e.

992 4791 1039 4839 8.
1071 4792 1179 4839 sub
1215 4790 1274 4852 (b
1302 4797 1410 4854 sup.
1444 4789 1538 4838 lin.
1564 4806 1630 4838 m.
1654 4805 1746 4839 rec.
1769 4786 1841 4853 Ο)
1875 4793 2157 4847 potestate
2191 4804 2324 4840 eon-

923 4870 1189 4917 stitutue:
1224 4868 1459 4932 potestati
1481 4867 1729 4917 subiectus
1742 4885 1789 4917 a.
1850 4871 2013 4917 huie:
2048 4868 2133 4918 uni
2155 4885 2201 4917 r.
2232 4867 2322 4918 alii

922 4961 1021 5009 vg„
1045 4951 1094 4994 et
1123 4945 1195 4995 ed.
1230 4946 1389 4994 Iunta
1421 4958 1563 5009 1534,
1587 4945 1628 4994 d
1643 4961 1667 4995 e
1690 4944 1800 5010 (ali)
1824 4960 1871 5010 q.
1940 4961 2066 4995 meo
2081 4960 2117 4996 4-
2132 4945 2246 4995 dico
2269 4945 2321 4994 D

915 5029 1024 5089 gut.
1049 5038 1075 5071 c
1096 5024 1122 5072 l
1137 5039 1182 5074 r.

989 5116 1039 5162 9.
1072 5115 1186 5158 quo
1217 5103 1443 5151 audito:
1479 5101 1684 5151 audiens
1708 5108 1874 5151 autem
1894 5100 2017 5152 haec
2039 5102 2090 5151 G
2111 5102 2139 5150 b
2159 5102 2199 5150 d
2209 5118 2241 5167 q
2264 5102 2321 5161 ὃς

923 5195 1038 5229 cum
1078 5179 1296 5229 audisset
1327 5185 1493 5230 autem
1527 5180 1622 5230 ista
1659 5196 1699 5238 e,
1732 5179 1812 5228 his
1842 5180 2025 5229 auditis
2059 5196 2093 5228 a
2116 5180 2172 5244 f,
2206 5180 2320 5231 aud.

923 5258 1076 5320 igitur
1123 5258 1433 5307 sermonibus
1480 5258 1557 5306 his
1606 5273 1645 5306 c.
1712 5258 1816 5307 iesu
1861 5258 1924 5308 Y.
1991 5258 2212 5324 sequenti
2267 5272 2322 5309 se

923 5333 1098 5383 turbae
1142 5350 1177 5383 a
1212 5351 1251 5394 e,
1294 5335 1516 5399 sequenti
1562 5335 1754 5399 populo
1795 5335 1836 5383 d
1847 5351 1860 5393 ;
1914 5351 2007 5385 om.
2047 5339 2233 5385 turbis
2277 5335 2320 5385 b.

924 5426 1071 5461 amen
1094 5428 1237 5462 amen
1259 5414 1310 5462 X
1333 5428 1377 5461 r.
1440 5427 1546 5463 nee
1567 5419 1682 5466 eta:
1717 5414 1770 5462 in
1791 5413 1932 5463 nullo
1955 5415 2245 5479 (numquam
2260 5413 2321 5474 d)

924 5495 1113 5539 tantam
1155 5490 1303 5540 fidem
1342 5490 1504 5540 inueni
1543 5491 1593 5539 in
1627 5491 1708 5540 isr.
1743 5491 1792 5540 G
1830 5506 1865 5539 a
1893 5491 1922 5539 b
1954 5506 1980 5539 c
2010 5490 2139 5556 ciffi
2168 5492 2194 5540 l
2221 5507 2253 5555 q
2293 5507 2327 5539 r

2530 3696 2732 3761 (talem)
2766 3712 2899 3753 aur„
2931 3711 3032 3745 non
3067 3695 3169 3744 inu.
3200 3701 3235 3746 t.
3271 3694 3355 3744 fid.
3384 3696 3436 3744 in
3472 3699 3554 3745 iar.
3582 3711 3621 3744 e.
3688 3695 3849 3746 srahel
3874 3697 3920 3746 C

2528 3774 2705 3824 hisrael
2729 3775 2798 3834 D,
2822 3774 2966 3823 israel
2991 3789 3070 3838 vg.
3137 3772 3231 3837 ab<
3257 3773 3299 3822 B
3320 3773 3462 3822 adu.
3489 3787 3565 3822 21.

2599 3866 2673 3902 10.
2707 3853 2822 3901 misi
2844 3852 2917 3902 ΞΡ.
2985 3855 3216 3901 domum
3238 3867 3333 3902 om.
3357 3851 3406 3900 G
3429 3867 3476 3916 q.
3536 3852 3844 3902 inuenierunt
3868 3853 3941 3906 D.

2529 3945 2790 3981 seruum:
2825 3945 3032 3995 puerum
3058 3945 3096 3978 c.
3163 3931 3265 3987 qui
3286 3932 3585 3987 languerat
3612 3930 3936 3996 (ἀσθενοῦντα

2520 4024 2603 4073 gr.
2629 4009 2760 4072 pl.):
2803 4008 2888 4073 qui
2920 4006 3190 4072 languebat
3219 4007 3376 4071 OEQx
3400 4013 3506 4071 gat.
3525 4009 3592 4073 f;
3635 4024 3838 4074 aegrum
3870 4009 3934 4069 ἅς

2526 4101 2605 4135 om
2645 4085 3256 4152 Gabceffilqraur.
3280 4090 3424 4150 etgr.
3452 4086 3588 4135 &BL
3612 4100 3655 4138 1.
3684 4096 3793 4150 157.
3820 4102 3933 4153 ²09·

2528 4178 2759 4214 tanum:
2794 4164 2989 4213 saluum
3012 4180 3038 4213 c
3057 4179 3097 4213 e.

2598 4255 2673 4291 11.
2709 4242 2868 4292 faetus
2901 4241 2985 4291 W.
3052 4242 3218 4306 inoeps
3251 4241 3331 4298 Y;
3382 4240 3601 4305 sequenti
3644 4240 3728 4292 die
3771 4259 3796 4292 c
3840 4261 3865 4294 e
3893 4242 3947 4308 s

2529 4321 2604 4383 (in
2639 4337 2680 4369 s.
2712 4320 2808 4380 d.),
2843 4318 2942 4369 alia
2975 4319 3058 4369 die
3090 4320 3137 4368 d.
3206 4319 3521 4369 ibat÷iesus
3557 4317 3800 4375 H¹w5z
3835 4339 3933 4372 cor.

2526 4397 2663 4448 aaa*
2680 4415 2714 4447 a
2732 4415 2763 4446 r
2777 4413 2893 4448 aar.
2911 4404 2959 4448 et
2973 4413 3057 4462 gr.
3075 4397 3285 4448 C’UXA
3301 4404 3385 4448 etc.
3434 4412 3528 4462 que
3545 4398 3613 4447 D.
3665 4406 3931 4452 uocatur:

2524 4475 2708 4526 dicitur
2722 4476 2773 4536 d,
2788 4476 3071 4541 appellatur
3084 4491 3134 4525 a.
3190 4491 3341 4541 naym
3358 4476 3418 4535 C,
3437 4476 3666 4539 nauimQ
3682 4492 3697 4537 ς
3719 4478 3930 4543 caphar-

2523 4569 2675 4603 naum
2707 4570 2734 4603 e
2765 4552 2831 4603 l*.
2894 4554 3037 4603 ibunt
3065 4554 3145 4613 G;
3177 4554 3542 4604 comitabantur
3572 4569 3607 4602 a
3639 4569 3664 4602 c
3695 4571 3737 4604 e.
3794 4559 3929 4608 1110:

2523 4647 2586 4683 eo
2617 4647 2696 4697 vg.
2729 4631 2834 4680 edd.
2868 4638 2974 4680 ant.
3012 4631 3134 4695 (exc.
3157 4631 3349 4681 Froben
3381 4630 3530 4696 1502)
3566 4648 3591 4679 c
3622 4632 3671 4682 d.
3738 4637 3914 4686 eius-fl-

2523 4711 2670 4760 multi
2700 4710 2729 4758 b
2757 4725 2783 4758 c
2812 4726 2844 4774 q
2872 4725 2987 4758 cum
3009 4708 3258 4758 ACEGH
3283 4716 3366 4760 etc.
3400 4709 3562 4759 Tisch.
3595 4710 3652 4759 Τ.
3681 4711 3739 4761 G.
3769 4713 3800 4760 8
3825 4711 3937 4776 (sed

2522 4803 2615 4837 om.
2639 4787 2795 4836 ἴκανοι
2818 4787 3084 4839 κΒΒΕΙΞ
3109 4785 3312 4850 W.H.).
3377 4789 3608 4853 copiossa
3630 4789 3681 4838 D
3696 4804 3710 4849 ς
3745 4805 3929 4855 magna

2523 4881 2548 4915 c
2568 4882 2607 4926 e,
2632 4866 2791 4915 multa
2811 4866 2859 4915 d.

2594 4957 2668 4991 12.
2703 4960 2833 4994 eum
2859 4943 3032 5009 (quum
3050 4943 3175 5010 ΗΘ)
3196 4949 3419 4994 autem:
3454 4945 3643 4995 factum
3665 4953 3739 4997 ent
3760 4955 3925 4998 autem

2521 5021 3067 5084 cumad(ut)e,etf.
3094 5021 3615 5086 estcumbl(ut3‚et
3642 5023 3775 5075 Lest
3803 5028 3925 5075 dum

2522 5116 2570 5165 q,
2594 5108 2642 5149 et
2665 5100 2696 5149 f.
2720 5108 2794 5150 est
2823 5099 3077 5164 quomodo
3109 5114 3162 5158 c;
3196 5115 3309 5148 cum
3332 5114 3415 5163 gr.
3444 5102 3496 5150 D
3531 5117 3731 5164 εγενετο
3763 5105 3816 5151 δε
3848 5120 3924 5154 ως.

2522 5181 3001 5236 adpropinquaret
3041 5177 3273 5241 (ἤγγισεν
3305 5194 3405 5243 gr„
3452 5178 3657 5242 ηγγιξεν
3696 5178 3770 5244 D)
3806 5197 3921 5230 cum

2523 5256 2843 5307 CDzPGfflJ
2849 5256 2977 5305 MM'
2977 5255 3024 5303 V
3046 5263 3094 5305 et
3125 5272 3267 5322 appr.
3292 5257 3609 5321 AFHQTW
3630 5273 3708 5322 vg.
3741 5259 3921 5321 Tisch„

2521 5350 2628 5400 apr.
2667 5334 2733 5394 Y,
2766 5349 2880 5383 cum
2902 5340 3020 5384 καί.
3044 5350 3079 5383 a
3099 5334 3128 5383 b
3147 5334 3237 5398 ef,
3261 5334 3323 5400 qs.
3345 5334 3663 5400 adpropiaret
3686 5336 3727 5384 d
3739 5335 3811 5402 ff,
3830 5337 3856 5385 l
3872 5353 3922 5401 q,

2522 5413 2862 5479 adpropiasset
2883 5429 2926 5474 r,
2948 5413 3371 5479 appropinquauit
3387 5430 3439 5463 c:
3469 5414 3921 5479 adpropinquarent

2524 5489 2769 5552 OEOX*Z,
2789 5507 2930 5556 appr.
2946 5490 3085 5542 Kx0.
3141 5499 3285 5558 porte
3302 5492 3385 5542 W.
3437 5498 3498 5541 et
3514 5507 3643 5544 eoae
3665 5491 3767 5557 (καὶ
3789 5489 3919 5554 ἰδού)
