4717 6400
1038 858 1249 924 DR‘GQ
1269 875 1386 909 aur.
1407 876 1447 910 c.

821 970 1076 1012 ossanna
1117 964 1173 1012 et
1216 951 1463 1012 Dicebat
1508 952 1599 1012 ihs
1643 953 1743 1029 qui

823 1056 979 1104 amat
1019 1046 1277 1105 animam
1319 1063 1486 1106 suam
1538 1046 1742 1123 perdat

822 1159 971 1199 eam.

742 1896 934 1956 XXV.
960 1896 1113 1957 Cum
1131 1896 1311 1955 multa
1330 1896 1497 1972 signa
1513 1892 1741 1954 fecisset

821 1992 908 2050 ihs
958 1992 1099 2050 dixit
1144 1990 1277 2068 Ego
1334 1991 1432 2049 lux
1477 1990 1537 2046 in
1585 1988 1741 2049 hunc

821 2085 1109 2144 mundum
1139 2085 1296 2144 ueni.

740 2552 966 2611 XXVI.
1009 2552 1126 2611 Ubi
1157 2552 1245 2610 ihs
1281 2554 1463 2628 pedes
1493 2552 1740 2629 discipu-

819 2646 1011 2705 lorum
1041 2646 1196 2706 lauit.

741 3019 998 3078 XXVII.
1040 3020 1118 3079 Et
1147 3019 1302 3080 Cum
1340 3022 1443 3081 iret
1475 3022 1641 3080 iudas
1679 3032 1741 3079 ut

822 3114 1071 3173 traderet
1094 3115 1214 3173 ihm
1237 3114 1377 3174 dixit
1395 3115 1446 3175 ei
1470 3114 1558 3174 ihs
1581 3115 1740 3191 quod

821 3208 963 3268 sacis
991 3209 1084 3268 sac
1113 3210 1299 3268 citius,

739 3582 1028 3643 XXVIII.
1069 3584 1152 3644 Et
1171 3584 1325 3645 Cum
1347 3584 1484 3644 dicit
1513 3585 1600 3644 ihs
1629 3585 1743 3644 dis-

821 3679 1026 3756 cipulis
1065 3681 1183 3739 suis
1217 3678 1466 3755 Dilegite
1510 3698 1619 3738 uos
1657 3681 1744 3738 in-

822 3774 1012 3833 uicem
1050 3784 1107 3832 et
1146 3782 1311 3851 petro
1352 3773 1487 3831 dicit
1525 3784 1608 3833 ter
1647 3793 1742 3833 me

820 3867 1065 3943 negabis
1227 3866 1362 3943 Ego
1403 3885 1531 3925 sum
1561 3869 1658 3927 uia
1686 3878 1744 3926 et

821 3963 1032 4021 ueritas
1060 3973 1116 4020 et
1144 3961 1286 4020 uita.

740 4053 1062 4115 XXVIIII.
1136 4053 1197 4113 Si
1266 4054 1578 4131 dilegeritis
1645 4072 1742 4112 me

821 4149 1097 4212 mandata
1152 4167 1286 4208 mea
1338 4149 1619 4208 custodite
1664 4147 1742 4206 Et

820 4263 935 4321 ego
985 4245 1211 4320 rogabo
1262 4254 1489 4320 patrem
1541 4261 1737 4301 meum

820 4348 879 4397 et
905 4338 1094 4396 mittet
1121 4337 1291 4396 uobis
1312 4342 1445 4413 spm
1466 4336 1738 4395 ueritatis

805 4483 1036 4534 XXIIII.
1082 4487 1335 4534 dicebat:
1391 4484 1622 4533 dicebant
1676 4483 1738 4547 Q.

743 4552 1021 4608 >animam
1038 4565 1178 4598 suam
1197 4548 1367 4614 [petit]
1385 4565 1503 4599 aur.
1570 4548 1740 4613 perdet

808 4631 922 4665 aur.
947 4632 985 4666 c.

738 4617 786 4681 Q
805 4681 972 4730 XXV.
1022 4687 1124 4733 ψεῖ
1153 4681 1226 4730 ad
1254 4681 1371 4729 init.
1406 4680 1477 4728 ΞΡ.
1545 4680 1739 4729 dicebat

739 4747 899 4810 &PGQ
919 4762 1034 4796 aur.
1057 4762 1096 4795 c.
1161 4762 1256 4796 om.
1280 4750 1432 4795 huno
1456 4747 1518 4795 G.

806 4812 1027 4861 XXVII.
1061 4812 1215 4863 exiret
1235 4811 1394 4874 ffGQ
1414 4827 1532 4862 aur.
1555 4827 1592 4859 c.
1643 4826 1738 4860 om.

739 4882 895 4928 ieme
908 4877 980 4927 ΞΡ.
1017 4880 1211 4927 eitius:
1230 4876 1435 4926 celerius
1449 4877 1555 4939 &PQ
1570 4893 1685 4925 aur.
1699 4892 1738 4925 c.

807 4943 1060 4992 XXVIII.
1108 4946 1254 4992 miz:
1310 4958 1404 4993 om.
1457 4943 1566 4992 :PG
1620 4957 1737 4990 aur.

745 5007 1032 5066 >inuicem
1055 5024 1147 5058 uos
1159 5007 1281 5071 EPQ.
1330 5013 1390 5058 et
1404 5023 1491 5059 sec.
1510 5023 1601 5057 om.
1621 5023 1738 5056 aur.

740 5077 883 5124 dicat
915 5089 1033 5124 sea:
1068 5073 1192 5124 dixit
1221 5089 1339 5122 aur.
1404 5089 1496 5123 om.
1528 5079 1618 5122 tor
1650 5087 1739 5121 me

741 5143 977 5197 necabis
998 5156 1037 5190 c.
1102 5155 1196 5189 om.
1221 5144 1280 5188 et
1299 5142 1425 5188 uita
1445 5154 1559 5187 aur.
1583 5155 1622 5188 c.

807 5204 1085 5255 XXVIIII.
1128 5204 1338 5269 diligitis
1387 5204 1495 5267 EPQ
1536 5219 1654 5253 aur.
1699 5220 1739 5264 c,

743 5269 912 5334 diligis
957 5270 1022 5320 G.
1089 5276 1296 5319 mo÷et
1335 5285 1373 5319 c.
1441 5272 1738 5318 mandata:

742 5344 1007 5400 praecepta
1028 5336 1137 5385 rell.
1185 5351 1277 5385 om.
1305 5349 1411 5394 ego
1431 5351 1545 5384 aur.
1564 5350 1602 5382 c.
1645 5349 1741 5384 om.

741 5416 929 5450 meum
949 5417 1065 5450 aur.
1088 5417 1127 5451 c.
1187 5400 1336 5450 mittit
1359 5417 1397 5450 c.
1458 5415 1552 5450 om.
1575 5403 1741 5449 uobis

742 5469 1008 5525 spiritum
1028 5469 1292 5516 ueritatis
1315 5465 1378 5515 G.

1795 690 2320 753 SECUNDUM
2354 687 2896 751 IOHANNEM.

2172 861 2210 911 J
2236 846 2518 925 (capiiula).

1846 951 1920 1010 Et
1950 952 2022 1012 de
2051 951 2291 1012 floribus
2319 952 2663 1031 palmarum.

1846 1235 2103 1295 XXVII.
2173 1234 2293 1294 Ubi
2356 1233 2574 1295 Graeci
2643 1244 2849 1312 petunt

1925 1330 2122 1388 uidere
2149 1328 2370 1388 Iesum.
2454 1328 2531 1387 Et
2561 1328 2635 1388 de
2662 1347 2847 1405 grano

1927 1424 2095 1483 tritici
2150 1433 2208 1481 et
2265 1423 2543 1482 ministris
2592 1433 2653 1481 ut
2711 1441 2847 1482 eum

1927 1526 2259 1595 sequantur.

1846 1891 1921 1949 Et
1949 1908 2066 1948 uox
2097 1891 2174 1949 ad
2202 1907 2339 1949 eum
2370 1890 2520 1949 sacta
2546 1902 2648 1949 est.

1846 1985 2132 2047 XXVIII.
2175 1984 2295 2043 Ubi
2325 1984 2491 2044 Iesus
2516 2002 2579 2043 se
2601 1986 2847 2044 abscon·

1844 2079 2152 2233 Etciigrum
2174 2173 2311 2232 dicit
2331 2192 2447 2249 ego
2474 2172 2571 2231 lux
2600 2172 2661 2231 in
2690 2172 2846 2233 hunc

1927 2268 2209 2327 mundum
2241 2268 2394 2326 ueni.

1845 2548 2165 2608 XXVIIII.
2210 2547 2330 2607 Ubi
2373 2548 2556 2626 pedes
2596 2549 2845 2624 discipu-

1924 2642 2111 2702 lorum
2138 2641 2294 2702 lauit.

1846 3019 2040 3079 XXX.
2085 3020 2177 3079 De
2205 3020 2487 3079 mandato
2517 3037 2693 3079 nouo.

1846 3114 2129 3174 Praedicit
2171 3114 2345 3174 Petro
2393 3115 2529 3191 quia
2578 3125 2663 3173 ter
2710 3132 2845 3173 eum

1926 3222 2117 3286 neget.

1848 3304 1923 3362 Et
1964 3305 2064 3363 ubi
2110 3304 2412 3381 Philippus
2461 3304 2689 3363 ostendi
2739 3304 2845 3362 sibi

1930 3399 2162 3458 Patrem
2191 3400 2346 3476 petit.

1846 4061 2072 4120 XXXI.
2114 4060 2233 4120 Ubi
2275 4060 2452 4120 alium
2494 4058 2845 4118 aduocatum

1925 4156 2209 4233 promittit
2258 4155 2415 4216 dare.
2504 4153 2584 4212 Et
2638 4171 2844 4231 pacem

1925 4250 2217 4327 discipulis
2244 4249 2528 4326 relinquit.

3818 706 3947 770 503

2974 824 2987 861 Ι

3068 857 3118 906 Κ
3132 859 3289 908 Harl.
3319 867 3449 922 2790
3470 860 3634 908 Nunc.
3659 859 3837 908 Bamb.

3033 950 3151 1009 dfio
3178 962 3581 1027 processerunt
3603 962 3659 1009 et
3687 952 3788 1010 ubi
3816 951 3949 1010 dicit

3034 1046 3229 1104 anima
3257 1064 3390 1104 mea
3418 1048 3645 1105 turbata
3673 1055 3776 1105 est.

2952 1893 3215 1953 XXIIII.
3272 1894 3391 1954 Ubi
3434 1894 3572 1953 dicit
3613 1913 3751 1952 cum
3794 1903 3952 1953 tanta

3035 1989 3203 2064 signa
3232 1988 3459 2048 fecisset
3489 2006 3611 2046 non
3640 1987 3951 2046 credebant

3031 2083 3091 2140 in
3122 2101 3257 2142 eum
3286 2093 3345 2143 et
3365 2084 3463 2142 ubi
3492 2083 3625 2142 dicit
3648 2084 3746 2158 qui
3769 2083 3950 2141 credit

3033 2178 3092 2234 in
3122 2195 3218 2236 me
3245 2177 3427 2237 credit
3462 2178 3520 2235 in
3562 2195 3696 2235 eum
3726 2176 3825 2253 qui
3853 2195 3949 2234 me

3030 2271 3202 2329 misit.

2951 2553 3143 2612 XXV.
3185 2553 3277 2614 De
3306 2572 3490 2613 caena
3518 2554 3619 2613 dni
3648 2565 3704 2611 et
3732 2553 3949 2630 pedum

3030 2648 3335 2707 lauatione.

2953 3504 3176 3564 XXVI.
3219 3504 3337 3564 Ubi
3378 3515 3579 3563 monet
3620 3514 3683 3562 ut
3726 3520 3787 3561 se
3827 3502 3950 3561 dili-

3033 3612 3174 3676 gant
3203 3600 3276 3658 de
3305 3600 3449 3678 petri
3478 3598 3864 3675 abnegatione
3895 3607 3951 3655 et

3038 3713 3161 3754 non
3193 3695 3444 3754 turbetur
3472 3712 3573 3752 cor
3600 3702 3873 3752 uestrum.

2950 4059 3206 4119 XXVII.
3249 4057 3367 4117 Ubi
3410 4058 3520 4116 dns
3562 4056 3696 4115 dicit
3734 4055 3780 4113 si
3827 4054 3950 4111 dili-

3030 4153 3164 4230 gitis
3200 4171 3294 4211 me
3339 4152 3617 4209 mandata
3657 4166 3790 4206 mea
3832 4165 3949 4206 ser-

3031 4257 3164 4307 uate
3186 4257 3242 4305 et
3263 4263 3377 4321 ego
3398 4245 3622 4320 rogabo
3643 4252 3868 4319 patrem
3891 4252 3950 4299 et

3028 4342 3207 4400 alium
3224 4339 3577 4417 paracletum
3586 4337 3745 4395 dabit
3761 4335 3946 4394 uobis.

3019 4490 3220 4541 XXIII.
3278 4489 3495 4538 animam
3546 4486 3653 4536 eius
3700 4484 3947 4533 turbatam

2948 4573 3051 4609 esse
3073 4559 3239 4606 Nunc.
3452 4561 3459 4569 ‘

3014 4621 3241 4673 XXIIII.
3286 4619 3467 4668 dicitur
3505 4617 3702 4667 Natta*
3732 4622 3786 4670 >
3814 4613 3951 4663 misit

2948 4705 3026 4739 me
3049 4688 3204 4737 Harl.
3229 4684 3408 4736 Bamb.

3012 4753 3177 4804 XXV.
3213 4767 3333 4802 cena
3355 4749 3519 4799 Nanc.

3014 4818 3236 4868 XXVII.
3273 4815 3577 4880 paraclytum
3596 4813 3749 4862 Harl.
3767 4811 3947 4861 Bamb-
