4717 6400
2166 152 2702 286 815301

962 1392 1095 1473 IN
1181 1393 1431 1475 HOC
1514 1393 1912 1476 PRIMO
1997 1392 2703 1477 FASCICULO
2784 1395 3279 1479 INSUNT
3360 1399 3701 1484 HAEC

3741 1706 3840 1735 PAG.

848 1755 1205 1811 PRAEFArlo
1245 1770 1581 1814 EDITORUM
1623 1761 2245 1815 PROLEGOMENORUM
2284 1771 2444 1814 Loco
2483 1761 2878 1814 EUANGELus
2920 1761 3313 1816 PRAEM1ssA.
3459 1802 3471 1814 .
3617 1803 3629 1815 .
3768 1762 3843 1816 vii

1056 1874 1192 1944 Cap.
1304 1876 1348 1928 1.
1399 1876 1491 1930 De
1515 1875 1700 1947 operis
1724 1876 1939 1932 ratione
1961 1885 2019 1932 et
2045 1877 2116 1931 de
2139 1875 2558 1931 difficultatibus
2582 1876 2703 1930 eius
2830 1916 2842 1927 .
2989 1918 3000 1930 .
3146 1917 3158 1929 .
3305 1919 3316 1930 .
3463 1919 3472 1929 .
3617 1919 3629 1931 .
3767 1879 3842 1933 vii

1274 1981 1348 2033 11.
1401 1981 1491 2034 De
1515 1981 1792 2035 editorum
1819 1981 2085 2036 societate
2110 1981 2254 2035 inter
2279 1998 2339 2035 se
2364 1990 2422 2035 et
2444 1981 2516 2035 de
2543 1980 2650 2035 illis
2675 1981 2768 2049 qui
2794 1997 2899 2035 nos
2924 1980 3256 2037 adiuuerunt
3300 2022 3312 2035 .
3456 2023 3467 2035 .
3613 2024 3624 2036 .
3748 1984 3842 2038 viii

1128 2123 1143 2151 ,
1244 2085 1351 2138 111.
1404 2084 1671 2139 Codicum
1698 2085 2202 2156 manuscriptorum
2228 2085 2492 2139 elenchus
2512 2101 2650 2155 quos
2673 2084 2730 2138 in
2751 2085 3059 2154 euangeliis
3075 2097 3343 2156 perpetuo
3360 2086 3598 2142 citamus
3619 2128 3630 2140 .
3810 2107 3844 2141 x

1129 2222 1144 2249 ‚
1253 2184 1349 2237 IV.
1402 2184 1493 2237 De
1516 2183 1764 2239 editione
1782 2185 1905 2240 Ric.
1932 2184 2190 2251 Bentleii,
2215 2202 2343 2239 cum
2364 2194 2666 2255 conspectu
2681 2184 2936 2239 lectionis
2954 2185 3313 2241 Bentleianae
3328 2195 3384 2241 et
3399 2187 3634 2241 elencho
3725 2170 3731 2177 ⁴

1544 2272 1799 2326 codicum
1825 2273 1882 2326 in
1908 2273 2026 2327 eius
2053 2290 2217 2327 usum
2243 2273 2299 2326 in
2326 2272 2652 2341 Euangeliis
2678 2273 3002 2327 collatorum
3144 2313 3156 2325 .
3303 2315 3313 2326 .
3457 2315 3470 2326 .
3618 2315 3630 2326 .
3774 2291 3844 2328 xv

1278 2375 1347 2428 V.
1400 2376 1637 2430 Codices
1663 2376 1754 2430 alii
1781 2376 2145 2446 manuscripti
2171 2376 2227 2431 in
2251 2377 2459 2431 notulis
2485 2376 2692 2431 nostris
2718 2376 2956 2433 subinde
2983 2375 3135 2432 citati
3301 2418 3313 2430 .
3459 2419 3470 2430 .
3616 2419 3628 2431 .
3680 2377 3844 2432 xxviii

1110 2517 1143 2543 „
1242 2480 1342 2533 V1.
1394 2480 1684 2535 Editiones
1708 2481 2042 2551 praecipuae
2067 2481 2290 2551 saepius
2314 2499 2350 2535 a
2375 2481 2536 2535 nobis
2563 2482 2651 2535 uel
2677 2490 2945 2551 perpetuo
2967 2482 3169 2535 citatae
3303 2522 3313 2533 .
3461 2523 3471 2535 .
3617 2523 3630 2535 .
3680 2481 3845 2536 xxviii

1110 2622 1144 2649 „
1212 2584 1343 2637 V11.
1395 2584 1689 2639 Editiones
1714 2583 1872 2652 aliae,
1899 2603 2072 2655 penes
2096 2603 2215 2651 nos,
2242 2585 2298 2639 in
2324 2586 2461 2639 locis
2485 2584 2890 2640 difficilioribus
2914 2584 3118 2640 citatae
3144 2625 3158 2638 .
3303 2626 3315 2639 .
3460 2626 3472 2639 .
3617 2627 3629 2639 .
3720 2587 3847 2640 xxix

1112 2726 1145 2753 „
1180 2688 1347 2742 VIII.
1399 2689 1620 2742 Ueteris
1646 2689 1919 2743 uersionis
1945 2691 2033 2743 uel
2059 2701 2307 2744 ueterum
2334 2690 2654 2744 uersionum
2676 2688 2974 2743 latinarum
2995 2688 3217 2744 codices
3238 2689 3294 2743 in
3314 2689 3634 2758 Euangeliis

1544 2776 1694 2830 citati
1725 2818 1736 2830 .
1882 2818 1894 2829 .
2039 2818 2050 2830 .
2194 2818 2205 2830 .
2352 2818 2363 2828 .
2512 2818 2522 2828 .
2667 2818 2678 2828 .
2825 2817 2835 2828 .
2983 2817 2993 2828 .
3138 2816 3150 2828 .
3295 2818 3307 2829 .
3453 2818 3465 2830 .
3609 2818 3622 2830 .
3721 2777 3844 2831 xxxi

1131 2918 1145 2945 ‚
1243 2882 1345 2933 IX.
1395 2881 1485 2934 De
1509 2891 1689 2935 textus
1711 2880 1886 2936 nostri
1912 2881 2092 2937 forma
2198 2921 2210 2934 .
2356 2922 2368 2932 .
2516 2922 2527 2932 .
2673 2922 2683 2932 .
2833 2921 2843 2932 .
2988 2920 2999 2932 .
3146 2921 3156 2932 .
3303 2922 3315 2934 .
3460 2921 3472 2933 .
3621 2921 3633 2935 .
3682 2880 3842 2935 xxxiii

1267 2986 1336 3038 X.
1389 2985 1481 3038 De
1504 2986 1819 3039 notularum
1845 2995 2159 3040 nostrarum
2184 2985 2362 3039 forma
2505 3025 2518 3037 .
2662 3024 2675 3037 .
2821 3025 2833 3037 .
2980 3024 2991 3036 .
3138 3026 3149 3038 .
3295 3026 3306 3036 .
3451 3026 3463 3039 .
3611 3026 3623 3039 .
3683 2984 3845 3038 miv

1109 3127 1142 3154 ‚,
1235 3089 1337 3141 XI.
1388 3090 1653 3144 Delectus
1678 3089 1989 3144 notularum
2014 3090 2236 3145 lectoris
2258 3098 2453 3144 notatu
2478 3087 2795 3158 digniorum
2822 3128 2834 3141 .
2980 3129 2991 3141 .
3139 3130 3149 3142 .
3298 3130 3309 3141 .
3454 3131 3467 3142 .
3611 3130 3622 3141 .
3684 3089 3845 3142 xxxiv

1113 3232 1145 3259 ,‚
1200 3194 1336 3247 XII.
1388 3194 1480 3249 De
1504 3194 1902 3264 orthographia
1927 3194 2132 3249 codicis
2160 3192 2432 3250 Cauensis
2497 3235 2510 3247 .
2657 3235 2667 3246 .
2816 3236 2828 3247 .
2977 3235 2988 3247 .
3136 3235 3147 3246 .
3294 3234 3306 3246 .
3453 3235 3464 3247 .
3611 3236 3622 3247 .
3664 3192 3843 3248 xxxvii

1392 3299 1662 3368 Epilogus
1722 3340 1735 3353 .
1880 3341 1892 3353 .
2037 3341 2049 3352 .
2193 3341 2205 3353 .
2350 3339 2363 3351 .
2509 3339 2519 3350 .
2666 3339 2678 3351 .
2825 3338 2835 3349 .
2981 3299 3012 3350 .’
3139 3339 3150 3349 .
3297 3339 3308 3349 .
3454 3340 3465 3352 .
3612 3340 3622 3350 .
3664 3298 3842 3352 xxxvii

1381 3404 1727 3458 Testimonia
1753 3404 1927 3473 ipsius
1955 3403 2287 3472 Hieronymi
2313 3404 2384 3457 de
2411 3420 2578 3473 opere
2605 3420 2706 3456 suo
2815 3442 2828 3454 .
2978 3445 2989 3455 .
3140 3445 3149 3455 .
3298 3445 3309 3455 .
3455 3443 3468 3455 .
3613 3401 3842 3457 .xxxviii

846 3501 1156 3556 EPISTULA
1180 3514 1265 3556 AD
1294 3504 1634 3558 DAMASUM.
1691 3505 1705 3532 ‘
1723 3505 1950 3558 Nouum
1975 3520 2115 3573 opus
2141 3503 2356 3570 facere‚’
2382 3512 2486 3557 etc.
2514 3542 2527 3556 .
2671 3543 2685 3555 .
2830 3541 2843 3554 .
2987 3542 2999 3555 .
3144 3542 3155 3554 .
3302 3543 3313 3554 .
3459 3542 3470 3554 .
3615 3543 3628 3556 .
3814 3517 3836 3556 1

1050 3608 1369 3661 monitum
1392 3607 1816 3673 Anonymum.
1870 3607 1887 3636 ‘
1902 3607 2205 3663 Sciendum
2232 3608 2403 3662 etiam
2429 3624 2499 3661 ne
2526 3606 2649 3677 quis
2675 3606 2962 3676 ignarum‚'
2986 3616 3090 3660 etc.
3142 3647 3155 3660 .
3205 3581 3214 3587 ⁵
3300 3647 3312 3659 .
3458 3647 3470 3658 .
3615 3647 3627 3658 .
3809 3619 3837 3675 5

1050 3713 1312 3766 Eusebfl
1335 3713 1634 3776 Epistula
1656 3715 1739 3767 ad
1764 3714 2167 3778 cai-pianum.
2226 3713 2240 3738 ‘
2260 3711 2538 3766 Eusebius
2566 3711 2846 3780 Carpiano
2871 3709 3056 3776 fratri‚²
3080 3719 3184 3764 etc.
3303 3750 3314 3762 .
3459 3751 3470 3761 .
3615 3751 3627 3762 .
3805 3711 3842 3764 6

844 3815 1143 3869 CANONES
1184 3816 1335 3869 l—X.
1409 3856 1423 3869 .
1567 3858 1578 3869 .
1723 3857 1735 3870 .
1879 3857 1892 3869 .
2036 3856 2048 3869 .
2193 3856 2206 3869 .
2352 3856 2366 3868 .
2512 3855 2525 3869 .
2669 3854 2682 3866 .
2826 3853 2839 3866 .
2984 3853 2997 3866 .
3140 3853 3152 3866 .
3298 3854 3309 3866 .
3456 3853 3468 3866 .
3614 3855 3626 3867 .
3805 3829 3837 3881 7

844 3919 1174 3975 PROLOGUS
1208 3932 1295 3974 Ex
1327 3932 1794 3977 COMMENTARIO
1831 3922 1886 3976 S.
1918 3922 2294 3975 Hmnonvm
2331 3932 2399 3974 m
2439 3920 2829 3974 MATTHEUM.
2886 3917 2900 3944 ‘
2925 3917 3115 3972 Plures
3139 3917 3346 3984 fuisse,’
3371 3925 3475 3972 etc.
3613 3957 3625 3971 .
3775 3932 3834 3973 11

1053 4025 1371 4079 Praetutio
1405 4027 1511 4079 uel
1545 4030 1986 4090 argumentum
2018 4027 2288 4078 matthei
2328 4022 2503 4093 ignoti
2542 4021 2786 4077 auctoris
2822 4022 3057 4077 sortasse
3092 4039 3160 4076 ex
3198 4023 3413 4076 Graeco
3450 4038 3626 4076 uersa.

1192 4111 1206 4137 ‘
1230 4111 1518 4167 Mattheus
1542 4129 1609 4166 ex
1639 4112 1897 4178 Iudaeis,’
1922 4123 2024 4166 etc.
2200 4152 2212 4165 .
2356 4151 2370 4164 .
2515 4151 2527 4164 .
2672 4151 2683 4162 .
2827 4150 2840 4163 .
2985 4150 2997 4161 .
3141 4149 3154 4162 .
3298 4148 3311 4162 .
3454 4149 3467 4162 .
3773 4123 3835 4179 15

1051 4218 1348 4281 capitula
1386 4220 1456 4271 in
1493 4219 1911 4283 Euangeuum
1950 4220 2295 4271 seeundum
2336 4217 2694 4270 mattheum
2734 4213 2791 4268 in
2829 4231 2924 4269 sex
2962 4215 3250 4270 columnas
3284 4212 3502 4268 diuisa:
3544 4211 3622 4282 (1)

1188 4304 1425 4370 AUVY,
1467 4302 1546 4373 (2)
1590 4306 1635 4359 C
1685 4304 1958 4370 Thomas„
2005 4305 2092 4374 (3)
2133 4301 2392 4357 BHQJT
2441 4319 2565 4355 aur.
2612 4304 2783 4356 Harl.
2830 4315 2988 4369 2797,
3033 4300 3112 4368 (4)
3161 4301 3417 4369 DZPGQ,
3464 4298 3542 4369 (5)
3590 4298 3625 4352 J

1215 4391 1406 4445 breues
1494 4393 1530 4446 6
1580 4394 1650 4446 K.
1705 4434 1716 4445 .
1862 4433 1874 4446 .
2021 4433 2034 4446 .
2179 4432 2191 4444 .
2339 4432 2350 4443 .
2498 4431 2509 4443 .
2657 4431 2668 4443 .
2813 4430 2826 4443 .
2974 4431 2986 4443 .
3133 4431 3145 4444 .
3292 4429 3303 4441 .
3450 4427 3462 4440 .
3609 4428 3621 4441 .
3772 4390 3834 4442 18

1051 4390 1323 4549 Initium
1359 4391 1693 4561 Εζὲιίςοω
1729 4499 2074 4551 seeundum
2110 4497 2469 4549 Mattheum
2505 4512 2574 4549 ex
2611 4493 2807 4548 codice
2846 4492 3317 4562 Sangermanensi
3360 4492 3481 4546 Par.
3517 4492 3635 4545 Lat.

1199 4594 1369 4651 11553
1398 4583 1417 4648 (
1418 4582 1537 4654 g1):
1580 4583 1714 4637 item
1740 4600 1806 4637 ex
1832 4583 2026 4637 codice
2051 4581 2405 4652 sangallensi
2430 4596 2499 4650 49
2667 4623 2678 4634 .
2824 4622 2836 4634 .
2982 4621 2994 4633 .
3138 4621 3149 4633 .
3295 4620 3306 4632 .
3451 4619 3463 4632 .
3607 4619 3620 4632 .
3764 4591 3836 4643 40

841 4703 1387 4760 EUANGELIUM
1430 4705 1888 4760 SECUNDUM
1934 4704 2403 4759 MATTHEUM
2503 4744 2515 4756 .
2660 4743 2672 4756 .
2818 4742 2831 4756 .
2975 4743 2987 4754 .
3132 4742 3143 4754 .
3293 4741 3303 4752 .
3449 4740 3461 4753 .
3621 4709 3836 4766 41-170
