4717 6400
703 653 821 702 ΧΠ.
844 637 1069 729 6-15.]-
1320 644 1498 705 ΕΗΑ
1512 643 1968 707 NGELIUM
2011 644 2544 706 SECUNDUM
2592 647 2725 707 MA
2745 647 3157 712 TTHEUM
3644 648 3724 731 85

2398 855 2593 898 ouem
2627 856 2828 898 unam

2308 947 2376 1001 et
2407 940 2460 1002 si
2482 940 2794 1003 ceciderit
2824 940 2986 1003 haec
3016 939 3311 1003 sabbatis
3341 939 3404 1004 in
3437 940 3703 1005 foueam

2306 1061 2525 1105 nonne
2553 1043 2807 1106 tenebit
2836 1054 2908 1106 et
2936 1043 3185 1107 leuabit
3215 1041 3409 1107 eam?

2236 1135 2286 1174 ¹²
2306 1154 2555 1226 quanto
2587 1147 2800 1229 magis
2837 1145 3071 1209 melior
3102 1155 3201 1209 est
3233 1145 3436 1210 horno
3467 1168 3597 1212 oue

2302 1247 2530 1330 itaque
2566 1248 2718 1313 licet
2755 1250 3053 1313 sabbatis
3085 1252 3255 1313 bene
3290 1249 3503 1313 facere

2226 1351 2282 1392 ¹³
2301 1360 2458 1416 tunc
2495 1352 2588 1415 ait
2618 1351 2873 1416 homini
2906 1354 3196 1417 extende
3228 1373 3494 1417 manum
3532 1364 3721 1419 tuam

2298 1465 2366 1518 et
2398 1456 2703 1520 extendit

2298 1569 2364 1622 et
2396 1560 2701 1623 restituta
2732 1569 2833 1622 est
2863 1560 3128 1623 sanitati
3162 1561 3329 1625 sicut
3359 1562 3586 1625 altera.

2219 1654 2487 1712 14(ΠΤ-4)
2536 1662 2883 1726 Exeuntes
2927 1672 3151 1727 autem
3197 1663 3522 1747 pharisaei
3559 1686 3716 1730 con-

623 1767 762 1830 ¹⁰et
794 1786 945 1830 ecce
975 1765 1178 1830 homo
1209 1788 1478 1831 manum
1515 1767 1768 1832 habens
1797 1769 2051 1832 aridam
2384 1766 2601 1830 silium
2633 1766 2959 1830 faciebant
2990 1768 3307 1833 aduersus
3336 1789 3488 1832 eum

694 1877 762 1932 et
793 1869 1291 1954 interrogabant
1322 1891 1475 1935 eum
1508 1872 1804 1937 dicentes
2295 1873 2637 1954 quomodo
2674 1891 2826 1935 eum
2859 1874 3227 1956 perderent.

691 1973 746 2036 si
776 1972 929 2039 licet
958 1973 1252 2041 sabbatis
1283 1982 1547 2040 curare?
2225 1974 2278 2015 ¹⁵
2298 1973 2421 2028 0¹⁸·
2445 1974 2518 2024 ¹⁰)
2598 1976 2783 2041 Iesus
2856 1985 3083 2041 autern
3158 1977 3370 2041 sciens
3442 1978 3713 2043 secessit

691 2087 766 2142 ut
795 2090 1179 2145 accusarent
1209 2100 1359 2143 eum
2382 2080 2536 2144 inde

623 2181 672 2223 ¹¹
692 2182 832 2265 ipse
862 2193 1087 2247 autem
1124 2185 1299 2249 dixit
1330 2183 1456 2248 illis
2295 2194 2366 2249 et
2394 2184 2600 2248 secuti
2631 2194 2785 2250 sunt
2814 2205 2966 2248 eum
2993 2184 3181 2248 multi
3214 2194 3281 2249 et
3313 2186 3567 2251 curauit
3597 2206 3711 2250 eos

689 2285 836 2369 quis
896 2288 1020 2351 erit
1073 2307 1161 2350 ex
1213 2288 1403 2351 uobis
1446 2286 1652 2352 homo
1699 2287 1811 2370 qui
1862 2287 2106 2352 habeat
2385 2308 2615 2352 omnes

661 837 688 875 ⁶
705 828 854 894 dico
900 833 1147 895 autem'
1174 830 1364 894 uob'is
1410 831 1567 913 quia
1612 833 1866 916 templo
1912 834 2122 897 maior

787 943 889 998 est
919 934 1027 999 hic

657 1050 683 1092 ⁷
701 1038 753 1102 si
777 1049 1001 1103 autem
1033 1040 1282 1104 sciretis
1302 1041 1464 1122 quid
1488 1052 1587 1105 est
1608 1041 2119 1107 misericordiam

787 1141 941 1206 uolo
972 1153 1043 1207 et
1070 1164 1205 1208 non
1235 1144 1626 1210 sacrificium

699 1266 1061 1330 numquam
1100 1248 1668 1312 condemnassetis
1700 1248 2085 1313 innocentes

653 1334 1004 1414 ⁸dominus
1034 1361 1135 1415 est
1164 1351 1341 1415 enim
1383 1351 1552 1415 filius
1588 1351 1872 1416 hominis
1908 1354 2110 1416 etiam

782 1454 1063 1518 sabbati.

653 1552 678 1589 ⁹
699 1556 815 1607 (118-
843 1556 891 1608 2)
939 1559 1034 1624 Et
1064 1579 1217 1622 cum
1250 1559 1407 1624 inde
1435 1561 1774 1625 transisset

694 1663 874 1725 uenit
907 1664 973 1726 in
1004 1684 1419 1746 synagogam
1451 1685 1676 1727 eorum

686 2569 924 2629 uiolant.
982 2579 1040 2628 et
1074 2570 1198 2629 sine
1240 2570 1479 2629 crimine
1521 2579 1674 2630 sunt.
1730 2570 1904 2631 ‘dico
1946 2582 2141 2631 autem
2190 2573 2361 2632 uobis
2403 2571 2540 2649 quia
2581 2571 2799 2649 templo
2842 2572 3031 2630 maior
3072 2582 3159 2632 est
3199 2572 3312 2632 hic.
3380 2573 3403 2606 ⁷
3420 2573 3469 2631 si
3511 2583 3707 2632 autem

687 2666 906 2724 sciretis
934 2664 1077 2742 quid
1102 2674 1190 2723 est
1216 2665 1669 2724 misericordiam
1698 2665 1841 2724 uolo
1869 2684 2048 2743 quam
2077 2666 2426 2726 sacrificium
2464 2684 2788 2743 numquam
2818 2665 3313 2725 condemnassetis
3341 2667 3704 2726 innocentes

687 2759 709 2792 ⁸
730 2759 1004 2818 dominus
1027 2768 1114 2817 est
1133 2759 1291 2817 enim
1314 2759 1487 2817 etiam
1511 2759 1739 2818 sabbati
1764 2759 1914 2818 filius
1936 2758 2207 2819 hominiS.
2255 2758 2278 2792 ⁹
2294 2771 2351 2819 et
2375 2760 2660 2819 transiens
2680 2758 2813 2818 inde
2835 2758 2995 2817 uenit
3017 2759 3077 2817 in
3106 2777 3470 2836 synagogam
3498 2779 3704 2820 eorum

688 2852 798 2913 ¹⁰et
812 2872 970 2912 ecce.
1006 2852 1189 2912 homo
1210 2864 1330 2911 erat
1350 2854 1430 2911 ibi
1450 2871 1693 2911 manum
1716 2853 1943 2912 habens
1960 2853 2200 2912 aridam.
2242 2864 2299 2913 et
2316 2854 2752 2929 interrogabant
2774 2869 2911 2912 eum
2934 2853 3209 2913 dicentes.
3233 2854 3426 2913 silicet
3445 2855 3704 2918 sabbatis

688 2965 908 3007 curare.
964 2958 1029 3006 ut
1057 2958 1403 3007 accusarent
1428 2965 1583 3007 eum.
1640 2944 1680 2978 ¹¹
1698 2948 1823 3026 ipse
1854 2957 2049 3006 autem
2078 2948 2221 3007 dixit
2248 2949 2334 3007 eis
2364 2949 2494 3025 quis
2523 2958 2610 3007 est
2639 2965 2713 3006 ex
2750 2948 2922 3006 uobis
2964 2946 3147 3007 homo
3187 2946 3286 3025 qui
3322 2948 3499 3006 habet
3526 2967 3702 3008 ouem

686 3060 865 3101 unam
894 3050 952 3100 et
982 3043 1030 3099 si
1059 3042 1366 3100 caeciderit
1396 3042 1655 3100 sabbatis
1680 3041 1743 3099 in
1773 3040 2024 3101 foueam.
2077 3058 2275 3100 nonne
2304 3041 2524 3100 tenebit
2550 3059 2701 3100 eam.
2747 3050 2803 3100 et
2832 3041 3047 3100 leuabit
3075 3041 3148 3100 de
3177 3040 3365 3100 fouea.
3413 3038 3458 3076 ¹²
3479 3054 3701 3121 quanto

685 3136 872 3214 magis
913 3135 1118 3195 melior
1160 3145 1249 3194 est
1289 3137 1471 3195 homo
1516 3154 1651 3195 oue.
1710 3136 1905 3215 itaque
1946 3136 2081 3195 licet
2121 3136 2379 3195 sabbatis
2415 3135 2777 3195 benefacere.
2833 3132 3031 3194 ”tunc
3075 3135 3153 3194 ait
3187 3134 3414 3195 homini
3450 3138 3699 3196 extende

686 3249 927 3290 manum
960 3240 1140 3292 tuam.
1195 3242 1255 3290 et
1288 3230 1562 3291 extendit.
1616 3240 1674 3289 et
1711 3231 1867 3291 sacta
1907 3242 1993 3290 est
2033 3249 2176 3290 sana
2210 3231 2362 3290 sicut
2393 3240 2450 3290 et
2484 3230 2679 3289 altera.
2735 3227 2778 3263 ¹⁴
2795 3239 2853 3289 et
2895 3241 3177 3290 exeuntes
3216 3230 3351 3290 inde
3393 3231 3698 3308 pharisaei.

686 3327 989 3386 consilium
1019 3326 1273 3386 fecerunt
1302 3327 1578 3385 aduersus
1603 3343 1741 3383 eum
1769 3335 1831 3384 ut
1857 3324 2164 3402 perderent
2190 3343 2343 3384 eum.
2403 3323 2619 3384 ”iesus
2646 3336 2842 3384 autem
2871 3325 3075 3385 scienS.
3134 3324 3372 3385 secessit
3396 3326 3552 3386 inde.

683 3586 905 3638 cerdotes
927 3587 977 3636 in
1001 3585 1194 3651 templo
1215 3586 1478 3636 sabbatum
1501 3588 1619 3651 quia
1642 3586 1867 3637 sabbatis
1887 3586 2081 3636 niolant

682 3666 752 3716 D.
816 3663 1076 3715 sabbathis
1123 3671 1208 3714 etc.
1256 3662 1379 3729 ἦ.
1446 3665 1674 3715 uiuolant
1724 3664 1796 3713 ΞΡ.
1864 3664 2081 3714 cremine

683 3745 849 3795 ΠΕΡΙ...

745 3820 792 3873 6.
828 3825 995 3880 qnia:
1028 3820 1115 3885 qui
1138 3820 1201 3884 Q.

746 3913 792 3964 7.
827 3906 1047 3950 autem:
1082 3900 1213 3948 enim
1234 3899 1328 3947 BD
1343 3914 1399 3963 g¹
1425 3899 1475 3948 h.
1542 3898 1761 3948 scier-etis
1782 3898 1844 3960 L,
1869 3898 2079 3949 scieritis

678 3974 793 4027 DR.
861 3977 1096 4026 misserie.
1121 3975 1280 4026 DLR.
1352 3983 1410 4032 >
1430 3976 1552 4025 uolo
1574 3976 1962 4026 misericordiam
1986 3977 2076 4025 ΞΡ*

680 4054 785 4120 (sed
819 4054 1193 4120 improbatum).
1276 4070 1530 4119 nunquam
1568 4054 1605 4104 J
1606 4053 1727 4120 ἦ.
1808 4055 2074 4119 condemp-

674 4134 882 4183 nassetis
914 4133 1179 4195 DEffQex
1208 4133 1647 4198 contempn.)GW,
1680 4132 2075 4183 condemnasetis

739 4291 784 4339 8.
824 4296 882 4346 >
897 4289 1030 4338 enim
1055 4296 1129 4338 est
1150 4289 1187 4338 J
1212 4304 1290 4353 vg.
1315 4289 1478 4338 Τίσι-ᾗ.
1501 4304 1614 4338 cum
1631 4304 1819 4353 graeco.
1887 4289 2072 4339 aetiam

672 4366 731 4417 E.
804 4375 860 4424 >
877 4369 1028 4418 etiam
1069 4367 1267 4416 sabbati
1305 4366 1374 4416 fil.
1413 4367 1549 4417 hom.
1591 4367 1653 4416 R.
1721 4365 1954 4416 sabbathi
1985 4374 2069 4416 etc.

669 4445 791 4511 ς’ᾒ,
815 4447 942 4495 etin
969 4459 1044 4502 10,
1072 4459 1147 4504 11,
1178 4459 1253 4495 12.

732 4539 779 4588 9.
815 4540 971 4590 quum
1025 4524 1133 4573 ΕΘ.
1218 4521 1442 4573 transiset
1487 4522 1567 4582 R;
1615 4520 1844 4571 transiret
1895 4522 2067 4571 DEM.

667 4602 960 4668 sinagogam
1011 4601 1228 4664 COEPRT,
1284 4601 1527 4665 sinagoga
1572 4599 1631 4660 E,
1690 4614 1948 4664 synagoge
1992 4599 2068 4660 M,

664 4697 937 4746 sinagogam
972 4680 1030 4729 L.

736 4772 811 4808 10.
846 4775 939 4809 om.
957 4764 1016 4809 et
1028 4758 1086 4807 L.
1131 4763 1190 4807 et
1205 4770 1335 4807 ecoe
1355 4759 1528 4805 homo
1547 4753 1645 4818 (καὶ
1663 4753 1766 4803 ῐδοὺ
1782 4751 2064 4817 dromos->z

679 4850 718 4889 4-
746 4846 853 4888 erat
876 4837 1113 4901 DSPLQ3
1149 4844 1198 4885 et
1220 4835 1377 4884 homo
1400 4842 1505 4884 erat
1526 4834 1595 4883 ibi
1620 4834 1685 4884 R.
1748 4849 1821 4882 m.
1848 4837 2064 4884 habens

664 4920 882 4967 aridam
929 4915 1054 4979 (har.
1101 4915 1257 4976 CX):
1313 4920 1367 4969 >
1387 4929 1452 4960 m.
1504 4913 1697 4963 aridam
1752 4910 1941 4961 habens
1998 4912 2062 4976 Q.

663 4995 800 5044 liciet
823 4994 885 5043 R.
954 4999 1264 5043 accussat-ent
1287 4992 1457 5052 ΕΞΡῩ,
1481 4991 1752 5043 accusarint
1779 4987 1869 5038 R*.

731 5086 805 5122 11.
843 5076 996 5130 ipse:
1028 5071 1117 5120 ille
1135 5071 1192 5119 L.
1251 5073 1397 5121 illis:
1431 5070 1620 5129 om.T;
1644 5068 1715 5119 eis
1733 5069 1798 5117 D.
1856 5070 2062 5118 habeat

662 5149 1054 5212 Aminean>
1075 5164 1218 5198 ovem
1263 5147 1446 5198 habeat
1490 5144 2058 5211 unam)LMNrOwa

660 5227 748 5276 Yz
781 5244 893 5292 vg.:
932 5229 1084 5277 habet
1104 5224 1730 5290 'CDfffflKQTQbeov
1758 5221 1827 5287 (ὃς
1860 5219 1968 5285 ἔχει
2006 5225 2056 5273 D

661 5312 763 5365 c¹⁶¹',
786 5308 935 5357 ceteri
953 5304 1003 5355 ὃς
1022 5304 1159 5367 ἔξει),
1175 5320 1289 5353 cum
1313 5304 1379 5354 bc
1394 5304 1433 5353 d
1434 5304 1485 5369 s
1488 5305 1521 5352 k
1537 5321 1569 5369 q
1586 5306 1613 5352 δ
1634 5318 1750 5352 aur.
1818 5300 1964 5350 obem
1988 5302 2051 5364 O,

658 5384 840 5434 bouem
857 5385 921 5435 C.
976 5385 1161 5434 hunam
1176 5383 1217 5432 C
1237 5397 1251 5442 ς
1272 5397 1365 5431 om.
1387 5383 1499 5432 EM*
1514 5397 1627 5432 cum
1630 5383 1700 5449 ff}
1713 5396 1768 5445 g¹
1785 5382 1831 5430 k.
1897 5382 2053 5431 caeci·

658 5463 785 5514 derit
813 5463 871 5523 C,
906 5462 998 5514 cic.
1024 5462 1211 5513 DLR*.
1280 5463 1417 5511 haee
1442 5460 1675 5527 (rovum
1710 5461 1804 5512 hec
1826 5461 1922 5522 W;
1958 5478 2051 5511 om.

2293 3583 2471 3637 Ecm'n
2498 3589 2649 3652 Dgr.
2671 3585 3128 3651 abcdfffig‚hk
3150 3587 3270 3648 (ista
3292 3584 3365 3651 q).
3438 3594 3496 3644 >
3515 3588 3569 3638 in
3590 3588 3693 3640 fou.

2289 3664 2510 3716 sabbatis
2534 3666 2597 3714 R.
2663 3664 2887 3714 laeuabit
2909 3663 2968 3724 L,
2997 3662 3183 3713 lebabit
3213 3663 3277 3725 O,
3307 3664 3496 3715 leuauit
3520 3665 3694 3727 BRX3

2287 3742 2504 3793 eleuabit
2538 3744 2597 3801 E,
2624 3742 2855 3792 liberabit
2885 3740 2971 3790 ΞΡ*
2998 3741 3243 3804 (leuabit
3271 3742 3413 3806 mg).
3480 3756 3596 3792 eum
3627 3744 3690 3794 L.

2292 3829 2348 3878 >
2368 3837 2480 3871 eam
2503 3828 2553 3872 et
2575 3820 2668 3872 leu.
2696 3821 2757 3870 R.

2354 3912 2430 3947 12.
2467 3914 2594 3949 onae
2633 3899 2694 3959 E,
2733 3898 2866 3947 hone
2900 3896 2959 3947 C.
3026 3898 3221 3955 itaque
3255 3899 3394 3946 licet
3430 3901 3687 3949 sabbati·

2284 3977 2523 4038 (sabbato
2545 3977 2605 4038 F,
2628 3977 2774 4026 uobis
2798 3976 2870 4040 D)
2892 3978 3040 4025 bene
3069 3978 3255 4025 faeere
3277 3978 3405 4037 (uno
3425 3975 3572 4026 uerbo
3593 3978 3684 4027 DJ

2281 4054 2383 4119 vg.)
2407 4072 2418 4105 :
2451 4071 2545 4105 om.
2569 4056 2626 4104 L.

2351 4146 2428 4194 13.
2462 4132 2669 4182 homoni
2720 4132 2799 4182 O*
2835 4131 3024 4196 (corn).
3113 4134 3374 4181 extendit
3406 4145 3445 4183 -ι-
3478 4147 3686 4184 manum

2280 4224 2423 4259 snam
2464 4211 2623 4260 DLR.
2707 4215 2825 4260 est:
2875 4224 2969 4258 om.
3020 4208 3093 4268 B;
3140 4220 3180 4260 -ι-
3209 4208 3256 4258 ei
3301 4208 3363 4258 R.
3449 4212 3683 4261 sanitati

2279 4285 2498 4351 (ὑγιής)τ
2534 4303 2654 4338 sana
2676 4287 2734 4336 L.
2800 4290 2980 4338 siout:
3019 4293 3124 4337 -i-et
3142 4284 3531 4350 DEffFJQz*;
3567 4301 3682 4339 ÷ex

2278 4365 2351 4421 L;
2377 4366 2551 4430 graeci
2569 4365 2630 4414 ὡς
2649 4366 2682 4427 ἡ
2703 4362 2835 4427 ἄλλη
2860 4363 3002 4426 (ὡσεὶ
3021 4361 3156 4427 ἄλλη
3179 4364 3245 4427 L)
3268 4372 3317 4414 et
3335 4364 3407 4413 sic
3427 4371 3546 4415 καί.
3563 4382 3678 4416 cum

2274 4443 2602 4507 Hieronymo.

2344 4535 2423 4586 14.
2458 4527 2727 4571 exeuntes
2764 4519 3088 4584 (ἐξελθόντες)
3114 4536 3126 4569 :
3170 4527 3223 4571 et
3255 4527 3426 4570 euntes
3460 4520 3521 4570 R.
3563 4529 3681 4585 post

2272 4605 2465 4649 autem
2513 4614 2613 4649 ras.
2660 4599 2812 4664 quasi
2851 4613 2885 4662 4
2927 4599 3026 4648 litt.
3073 4599 3139 4649 X.
3214 4597 3434 4664 pharisei
3482 4597 3676 4661 Cffw,

2272 4676 2513 4742 pharissei
2556 4678 2668 4737 DL,
2717 4677 2903 4727 sai-issei
2946 4677 3007 4725 R.
3074 4679 3358 4734 quomodo
3403 4690 3566 4727 eum:
3618 4684 3674 4728 ut

2274 4756 2392 4821 (om.
2426 4757 2580 4814 eum)
2611 4756 2696 4817 ΤΦ,
2730 4771 2842 4804 cum
2878 4754 2956 4804 Τ*
2988 4755 3088 4804 duo
3119 4754 3273 4803 uerba
3307 4754 3549 4803 omisis-set
3574 4762 3674 4819 per

2269 4834 2689 4883 homoeoteleuton.
2757 4847 2890 4882 eum
2905 4837 3209 4892 perderent
3228 4829 3400 4896 (αὐτὸν
3417 4830 3668 4880 ἀπολέσω-

2268 4913 2371 4973 σιν)
2395 4912 2524 4961 codd.
2548 4927 2714 4960 omnes
2731 4910 2971 4976 antiqui:
3013 4916 3068 4967 >
3087 4909 3345 4975 perderent
3366 4925 3479 4958 eum
3502 4909 3570 4965 ,W
3587 4925 3666 4974 vg.

2337 5003 2416 5053 15.
2450 4992 2684 5040 secessit
2708 4987 3063 5053 (ἀνεχώρησεν)
3086 5005 3199 5037 cum
3223 4987 3666 5053 ADEFHOLOQ

2266 5068 2445 5119 RXY:
2479 5068 2678 5117 recessit
2711 5066 3232 5117 BCJKMMTVWZ
3252 5079 3361 5130 vg.;
3395 5064 3664 5128 ἀναχωρεῖν

2263 5148 2324 5197 in
2347 5146 2652 5211 Evangelii:
2680 5146 2827 5196 uarie
2854 5145 3088 5195 redditur
3105 5144 3193 5194 sed
3213 5144 3410 5209 saepius
3438 5143 3665 5195 secedere

2261 5232 2325 5275 ut
2349 5226 2500 5276 Matr.
2519 5225 2569 5273 ii.
2594 5238 2672 5284 22,
2697 5224 2760 5273 iv.
2791 5238 2867 5285 12,
2891 5223 2988 5272 xiv.
3009 5236 3088 5285 13,
3113 5239 3189 5272 xv.
3213 5237 3266 5271 21
3290 5238 3303 5280 ;
3336 5223 3503 5272 Marc.
3519 5222 3589 5272 iii.
3612 5232 3658 5286 7,

2260 5310 2309 5353 et
2326 5304 2400 5352 sic
2421 5305 2532 5352 Act.
2559 5301 2694 5353 xxiii.
2723 5315 2795 5366 19,
2819 5302 2949 5351 xxvi.
2977 5314 3055 5362 31.
3121 5302 3222 5350 Est
3247 5300 3400 5350 etiam
3435 5300 3660 5351 recedere

2259 5382 2415 5431 Mau.
2439 5380 2491 5431 ii.
2521 5393 2598 5443 13,
2627 5395 2702 5444 14,
2738 5380 2805 5429 ix.
2833 5392 2914 5443 24,
2946 5378 3097 5429 xxvii.
3122 5392 3171 5442 5,
3205 5379 3380 5428 reverti
3411 5379 3567 5429 Matt.
3600 5378 3656 5428 ii.

2264 5473 2339 5518 12,
2375 5460 2543 5525 fugere
2572 5460 2681 5510 Iob.
2704 5460 2771 5509 vi.
2799 5470 2876 5521 15.
2943 5456 3216 5521 ὑποχωρεῖν
3245 5457 3397 5508 etiam
3431 5456 3660 5507 uertitur
