4717 6400
952 857 1182 921 offo-Q.

567 946 758 1007 LXV.
804 946 1053 1007 Reddite
1092 948 1172 1006 do
1210 965 1324 1023 que
1354 957 1490 1007 sunt
1518 947 1579 1005 di

651 1052 711 1101 et
738 1041 954 1100 cessari
982 1059 1099 1119 que
1126 1052 1262 1100 sunt
1289 1042 1548 1101 cessaris

568 1229 791 1289 LXVL
828 1228 927 1287 De
983 1229 1225 1289 muliere
1287 1249 1403 1308 qne
1462 1234 1572 1292 ·vii·

650 1323 855 1381 fratres
910 1321 1114 1381 habuit
1181 1334 1239 1383 et
1307 1324 1575 1387 farisseos

650 1416 1051 1493 Interrogatos
1107 1417 1181 1475 de
1236 1423 1361 1494 xpo
1408 1423 1575 1482 cuius

653 1511 810 1571 filius
838 1521 1009 1570 esset.

568 1976 819 2037 LXVIL
861 1977 997 2051 Que
1030 1978 1251 2040 farissei
1280 1979 1479 2040 dicunt
1509 1992 1573 2041 ut

650 2073 793 2131 fiant
848 2072 954 2131 sed
1008 2090 1126 2150 que
1175 2071 1400 2133 faciunt
1449 2093 1573 2134 non

652 2167 810 2225 fiant.

570 2260 853 2320 LXVIII.
893 2261 987 2320 De
1009 2260 1271 2338 prosilito
1298 2260 1392 2320 De
1412 2263 1574 2321 Iura·

646 2365 851 2414 mento
884 2364 951 2413 et
982 2353 1076 2414 De
1113 2354 1361 2414 camello
1388 2366 1448 2415 et
1473 2374 1573 2415 cu-

650 2449 759 2509 lice
788 2458 843 2508 et
872 2448 1052 2509 calice
1084 2458 1143 2507 et
1176 2449 1372 2510 catino
1404 2459 1463 2508 et
1500 2449 1573 2509 de

650 2544 1049 2603 monumentis
1080 2542 1362 2602 dealbatis
1403 2553 1460 2602 et
1501 2544 1573 2603 de

649 2636 1051 2697 monumentis
1078 2637 1457 2713 profetarum.

572 3056 879 3116 LXVIIII.
915 3057 1231 3117 Ierusalem
1255 3057 1571 3117 Ierusalem

650 3170 762 3232 que
790 3152 1032 3213 occidas
1058 3151 1333 3230 profetas.

575 3622 754 3682 LXX.
796 3622 889 3682 De
918 3622 1266 3700 pseodoxpo
1295 3631 1352 3681 et
1378 3620 1572 3699 proxi-

650 3727 845 3775 mante
895 3716 989 3775 die
1035 3717 1360 3775 nouissima
1400 3724 1458 3773 et
1500 3714 1573 3773 de

650 3811 932 3869 breuitate
969 3819 1309 3886 temporum
1337 3818 1395 3867 et
1422 3818 1573 3867 *reo-

651 3903 974 3980 doprofetis
1024 3912 1081 3961 et
1124 3921 1200 3961 ·x·
1250 3899 1575 3977 uirginibus

651 4006 708 4056 et
735 3998 810 4056 de
840 3997 1110 4056 tallentiS.

574 4371 789 4431 LXXI.
832 4372 926 4431 De
948 4371 1351 4448 segregatione
1373 4370 1574 4428 ouium

636 4464 1043 4551 ‘et'hedorum

632 4612 793 4662 LXV.
832 4619 889 4667 >
909 4626 1034 4674 quae
1064 4609 1119 4658 di
1149 4617 1261 4658 sunt
1290 4607 1357 4656 do
1379 4614 1430 4657 et
1451 4622 1578 4672 quae

569 4687 679 4727 sunt
702 4677 933 4727 Caesaris
955 4675 1155 4726 Caesari
1182 4674 1248 4724 G.

633 4741 824 4792 val.
892 4757 1041 4805 quem
1117 4748 1311 4804 septem
1404 4737 1579 4787 fratres

569 4807 847 4858 habuerunt
868 4822 1071 4856 uxorem
1096 4807 1160 4855 G.
1227 4813 1275 4854 et
1304 4803 1579 4867 discipulos

574 4876 690 4937 (pro
722 4873 971 4937 farisseos)
1008 4873 1277 4935 interrogat
1315 4870 1380 4919 G.
1446 4868 1582 4918 filins

568 4947 632 4988 sit
656 4940 720 4989 G.

632 5003 849 5054 LXVII.
886 5005 1018 5052 sed:
1053 5010 1102 5051 et
1125 5001 1248 5064 SPQ.

633 5070 878 5119 LXVIII.
901 5068 965 5118 de
976 5075 1076 5132 pro
1097 5073 1156 5117 et
1176 5073 1294 5115 ante
1316 5068 1491 5115 oenoe
1510 5065 1574 5114 G.

573 5139 761 5186 catino
776 5148 811 5186 -ι-
829 5135 1048 5183 lauando
1095 5133 1158 5182 G.
1224 5147 1321 5180 om.
1363 5137 1423 5180 et
1459 5137 1578 5180 ante

573 5202 633 5250 de
654 5216 786 5250 mon.
812 5201 927 5263 GQ.

636 5265 905 5315 LXVIIII.
941 5261 1176 5313 interficis
1200 5262 1376 5324 zPGQ.

638 5332 795 5381 LXX.
829 5346 926 5380 om.
953 5336 1013 5380 ot
1036 5328 1153 5391 GQ.
1220 5328 1501 5392 proximare
1525 5327 1573 5375 G

572 5398 633 5461 Q.
699 5397 800 5447 diei
820 5397 894 5445 ΞΡ.
940 5410 1035 5443 om.
1061 5401 1121 5443 et
1140 5395 1202 5456 Q.
1250 5409 1342 5443 om.
1364 5396 1435 5442 de
1457 5398 1576 5440 ante

572 5466 852 5513 breuitate
877 5463 942 5511 G.
991 5459 1063 5508 ad
1082 5459 1146 5508 de
1167 5471 1290 5518 (non
1311 5459 1383 5514 et)
1403 5458 1573 5507 decem

570 5530 691 5593 uirg.
716 5529 815 5580 inc.
840 5526 985 5576 Lxx
1011 5527 1070 5574 in
1096 5525 1160 5587 Q,
1181 5523 1408 5572 LXVIII
1432 5524 1489 5572 in
1509 5525 1571 5572 G.

1626 686 2163 749 SECUNDUM
2199 688 2334 748 MA
2353 687 2763 748 TTHEUM.

2026 858 2065 907 J
2095 857 2324 921 (breues).

1680 948 1876 1007 LIIII.
1907 948 1999 1007 De
2017 950 2231 1010 tributo
2250 948 2521 1009 Caesaris
2539 949 2684 1007 dan-

1762 1042 1841 1100 do
1920 1052 1978 1100 et
2047 1043 2120 1101 de
2203 1043 2445 1102 muliere
2530 1060 2682 1120 quae

1760 1146 1987 1213 septem
2016 1137 2175 1196 uiros
2201 1136 2422 1196 habuit.

1679 1604 1807 1664 LV.
1851 1604 1943 1664 De
2008 1605 2288 1664 mandato
2361 1605 2555 1682 primo
2625 1615 2685 1664 et

1761 1699 2024 1759 secundo
2092 1710 2152 1758 et
2221 1701 2542 1776 interrogat
2609 1699 2683 1758 de

1761 1793 1995 1853 Christo
2023 1794 2188 1853 cuius
2216 1792 2395 1852 Filius
2423 1794 2512 1852 sit.

1678 1979 1837 2039 LVI.
1881 1979 2002 2038 Ubi
2047 1980 2185 2039 dicit
2226 1979 2583 2057 Magistrum
2625 1989 2684 2038 et

1759 2070 1991 2132 Patrem
2009 2091 2134 2131 non
2149 2074 2490 2133 uocandum
2509 2092 2684 2150 super

1757 2177 1974 2226 terram
2021 2177 2078 2226 et
2128 2168 2202 2227 de
2251 2167 2570 2244 hypocritis
2627 2178 2685 2227 et

1759 2261 1833 2321 de
1861 2280 1935 2320 eo
1964 2262 2067 2339 qui
2096 2262 2243 2321 iurat
2272 2262 2331 2320 in
2365 2262 2587 2340 templo
2626 2273 2683 2322 et

1758 2355 1936 2414 altare
1982 2365 2040 2414 et
2085 2355 2328 2415 mentha
2367 2366 2426 2416 et
2470 2356 2683 2416 anetho

1752 2460 1817 2509 et
1875 2450 2059 2509 calice
2129 2452 2187 2509 e't
2255 2451 2566 2527 parapside
2627 2462 2686 2511 et

1758 2543 2169 2604 monumentis.

1678 3613 1867 3673 LVII.
1909 3613 2003 3673 De
2038 3614 2338 3673 structuris
2381 3611 2580 3689 templi
2620 3623 2678 3672 et

1758 3707 1922 3785 quod
1946 3707 2113 3766 multi
2142 3708 2383 3766 uenient
2424 3706 2682 3766 dicentes

1757 3820 1870 3878 ego
1940 3819 2072 3882 sum
2156 3799 2423 3859 Christus
2465 3808 2551 3881 „et
2606 3799 2680 3859 de

1757 3894 1988 3972 praeliis
2041 3905 2100 3954 et
2156 3895 2229 3953 de
2282 3893 2682 3970 persecutione

1758 3989 2239 4048 Christianorum.

1680 4082 1898 4141 LVIII.
1942 4082 2034 4142 De
2063 4082 2319 4142 aduentu
2341 4081 2680 4141 Antichristi

1760 4187 1817 4235 et
1845 4176 2213 4236 tribulatione
2240 4175 2442 4234 multa.

1679 4363 1932 4423 LVIIII.
1955 4363 2075 4422 Ubi
2102 4362 2242 4422 dicit
2256 4361 2349 4420 De
2370 4362 2462 4420 die
2486 4372 2682 4421 autem

1759 4458 1857 4516 illa
1897 4468 1954 4517 et
1988 4457 2134 4517 hora
2176 4475 2353 4515 nemo
2389 4456 2495 4515 scit
2523 4465 2582 4514 et
2603 4455 2678 4514 de

1761 4569 1934 4611 seruo
1962 4551 2117 4610 fideli
2151 4560 2211 4609 et
2247 4549 2499 4626 neglego
2529 4566 2680 4626 quos

1761 4644 2059 4705 constituit
2138 4661 2315 4720 supra
2397 4642 2680 4700 familiam

1761 4757 1946 4798 suam.

3707 702 3798 772 37

3249 856 3318 908 K.

2791 948 3013 1008 LXIII.
3057 948 3150 1007 De
3193 948 3576 1026 inscriptione
3619 966 3792 1008 num-

2870 1045 2950 1101 mi
2980 1052 3036 1102 et
3064 1042 3320 1121 imagine
3355 1043 3628 1103 caesaris.

2790 1136 3043 1196 LXIIII.
3094 1136 3185 1195 De
3242 1146 3467 1213 septem
3522 1137 3793 1196 fratribus

2870 1232 2969 1308 qui
2984 1249 3168 1290 unam
3184 1249 3430 1291 uxorem
3447 1230 3790 1290 babuerunt.

2787 1699 2972 1758 LXV.
3016 1699 3352 1776 Discipulos
3376 1699 3694 1776 interrogat
3716 1699 3789 1759 de

2867 1799 2989 1871 xpo
3017 1794 3181 1852 cuius
3209 1794 3365 1853 filius
3393 1795 3482 1853 sit.

2788 1981 3006 2041 LXVI.
3047 1980 3168 2041 Ubi
3200 1981 3360 2040 *dicit
3415 1981 3583 2040 facite
3640 1999 3790 2057 quae

2868 2077 3069 2135 dicunt
3139 2076 3427 2152 pharisaei
3486 2085 3543 2135 et
3613 2075 3790 2134 nolite

2870 2170 3061 2230 facere
3116 2189 3268 2247 quae
3325 2169 3548 2229 faciunt
3600 2179 3658 2228 et
3714 2188 3791 2228 ne

2869 2264 3165 2323 uocemini
3227 2263 3493 2340 magistri
3561 2273 3620 2322 et
3687 2263 3790 2341 qui

2869 2357 3059 2416 maior
3087 2367 3175 2415 est
3203 2358 3276 2415 sit
3303 2358 3579 2416 minister.

2792 2451 3042 2510 LXVII.
3100 2451 3192 2510 De
3247 2450 3543 2529 proselyto
3596 2461 3656 2510 et
3718 2450 3794 2509 de

2872 2548 3200 2605 iuramento
3278 2545 3351 2604 de
3420 2544 3648 2604 camelo
3717 2544 3791 2604 de

2871 2640 3056 2700 culice
3111 2640 3185 2699 de
3236 2639 3419 2700 calice
3475 2649 3533 2698 et
3595 2639 3791 2698 catino

2873 2735 3191 2794 lauandum
3257 2734 3330 2794 de
3393 2734 3793 2794 monumentis

2871 2828 3151 2888 dealbatis
3275 2827 3348 2886 de
3472 2827 3793 2905 sepulchris

2870 2922 3301 3002 prophetarum.

2792 3029 3075 3088 LXVIII.
3116 3028 3209 3089 De
3247 3027 3592 3087 hierusalem
3628 3026 3792 3104 quod

2869 3123 3186 3202 prophetas
3214 3121 3444 3182 occidit.

2786 3594 3102 3679 LXVIIII.
3131 3594 3224 3652 De
3246 3593 3634 3654 destructione
3644 3601 3789 3651 tem-

2867 3688 2948 3766 pli
3004 3689 3079 3749 de
3128 3686 3673 3767 pseudoprophetis,
3716 3686 3790 3744 de

2868 3783 3199 3843 nouissimis
3227 3781 3608 3858 temporibus.

2787 4065 2973 4126 LXX.
3018 4064 3110 4124 De
3152 4063 3515 4124 tribulatione
3566 4061 3788 4121 dierum

2865 4172 2924 4220 et
2949 4159 3113 4236 quod
3141 4158 3375 4235 signum
3403 4155 3704 4234 apparebit
3727 4156 3788 4213 in

2867 4253 3032 4314 caelo
3070 4253 3143 4312 de
3181 4253 3386 4310 arbore
3425 4251 3541 4309 ficu
3582 4249 3656 4307 de
3694 4248 3788 4307 die

2865 4358 2924 4407 et
2978 4346 3125 4406 hora
3177 4344 3338 4423 quod
3398 4362 3521 4403 non
3576 4343 3789 4403 sciatur

2866 4442 2938 4502 de
2967 4457 3136 4501 seruo
3166 4458 3342 4517 quem
3366 4438 3477 4498 diis
3497 4437 3786 4496 inuenerit

2867 4536 2952 4596 sic
2977 4534 3303 4593 facientem.
