4717 6400
1037 680 1405 742 PRAEFA
1425 679 1588 743 TIO.
1682 678 1878 742 CAP.
1922 678 2047 742 IX.
2137 678 2275 739 DE
2320 676 2683 739 TEXTUS
2720 674 2903 738 NOS
2909 674 3075 737 TRI
3110 675 3458 738 FORMA.
3555 676 3776 742 xxxiii

768 909 815 950 r
847 887 952 952 uel
982 909 1066 971 rl.
1125 885 1522 952 Usserianus
1556 903 1610 962 1,
1641 883 1753 949 Tr.
1788 881 1957 948 Coll.
1992 882 2196 948 Dubl.
2228 882 2320 949 A.
2343 900 2410 961 4.
2448 894 2524 965 15
2555 883 2655 948 ed.
2686 881 2766 948 Τ.
2799 881 2886 949 Κ.
2923 881 3214 959 Abbott‚
3246 881 3524 947 Dublini
3568 880 3778 960 1884:

954 989 1237 1055 multum
1270 987 1559 1054 mutilus.
1653 987 1753 1054 Cf.
1788 986 1927 1051 Pal.
1963 986 2116 1053 Soc.
2151 987 2241 1054 11.
2270 988 2409 1052 tab.
2444 1005 2548 1073 33.

768 1116 859 1179 η.
918 1093 1308 1160 Usserianus
1339 1111 1395 1169 2,
1426 1092 1541 1156 Tr.
1576 1089 1746 1156 Coll.
1782 1091 1983 1155 Dubl.
2014 1090 2105 1155 A.
2135 1109 2197 1169 4.
2236 1089 2277 1151 6
2309 1092 2378 1155 in
2407 1091 2700 1156 secundo
2730 1101 2918 1156 tomo
2946 1088 3099 1154 libri
3129 1087 3425 1154 eiusdem
3457 1088 3754 1154 collatus.

769 1217 827 1260 s.
874 1198 1277 1280 Fragmenta
1299 1197 1521 1261 Lucae
1537 1195 1980 1259 Ambrosiana
1997 1194 2521 1259 Mediolanensia
2540 1193 2614 1260 C.
2639 1207 2739 1279 73.
2763 1193 2883 1258 Ins.
2906 1193 2983 1256 B.
3002 1212 3172 1258 saec.
3190 1191 3319 1269 VI,
3337 1201 3599 1257 exstant
3617 1192 3781 1258 Luc.

950 1302 1108 1365 xvii.
1134 1318 1346 1385 3-293
1389 1300 1575 1363 xviii.
1600 1299 1875 1384 39—xix.
1894 1313 2020 1378 473
2066 1319 2184 1363 xx.
2210 1299 2485 1376 46-xxi.
2514 1315 2616 1364 22.
2706 1295 2838 1363 Ed.
2867 1296 2958 1360 A.
2993 1296 3090 1360 M.
3125 1294 3385 1361 Ceriani
3419 1296 3784 1362 Mediolani
3795 1376 3800 1389 ἱ

958 1403 1142 1482 1861,
1173 1425 1262 1468 ex
1297 1424 1435 1486 quo
1466 1401 1776 1487 repetiuit
1811 1402 1863 1466 1.
1899 1400 1968 1466 S.
2006 1401 2375 1468 Old-Latin
2404 1401 2690 1468 Biblical
2720 1401 2932 1477 Texts,
2964 1420 3069 1463 no.
3106 1399 3197 1477 II,
3235 1399 3421 1466 1886.
3512 1399 3612 1466 Cf.
3645 1399 3782 1464 Pal.

953 1506 1105 1574 Soc.
1141 1507 1193 1573 I.
1225 1509 1363 1573 tab.
1396 1519 1505 1588 54.

776 1621 824 1675 t.
872 1610 1277 1693 Fragmenta
1307 1611 1516 1675 Marci
1549 1609 1925 1685 Beruensia,
1959 1630 2067 1673 no.
2100 1608 2246 1687 611,
2275 1628 2440 1673 saec.
2467 1608 2574 1672 VI
2602 1634 2617 1686 3
2658 1618 2920 1673 exstant
2946 1611 3075 1676 Mc.
3112 1611 3151 1674 i.
3179 1626 3347 1693 2-23
3375 1630 3396 1686 3
3439 1607 3504 1670 ii.
3531 1620 3782 1689 22-273

955 1715 1043 1778 iii.
1072 1714 1304 1777 11-18.
1357 1714 1484 1778 Ed.
1507 1714 1747 1796 Hagen
1773 1712 2190 1795 Hissenselds
2211 1710 2279 1775 Z
2277 1710 2615 1796 eitscltrift
2643 1711 2807 1790 1884
2830 1734 2919 1777 ex
2939 1735 3073 1797 quo
3098 1710 3410 1797 repetiuit
3436 1711 3488 1775 Ι.
3510 1709 3579 1776 S.
3595 1709 3782 1775 1886.

776 1838 841 1881 v.
888 1817 1368 1901 Fragmentum
1413 1817 1727 1882 Iohannis
1770 1815 2247 1882 Uindobonense
2287 1814 2470 1902 (Hos
2506 1815 2891 1880 Bibliothek
2933 1818 3083 1882 Lat.
3115 1814 3288 1903 502),
3329 1835 3498 1880 saec.
3528 1812 3664 1879 VII
3686 1810 3785 1901 (?),

955 1931 1172 1986 exstat
1197 1921 1341 1985 xix.
1379 1935 1626 2001 27-xx.
1652 1939 1679 1982 1
1701 1940 1752 1983 1.
1844 1920 2020 1984 Edd.
2055 1920 2108 1985 I.
2140 1919 2211 1984 S.
2242 1929 2310 1984 et
2343 1920 2434 1985 H.
2463 1919 2527 2001 J.
2557 1918 2662 1985 W.
2698 1919 3065 1985 Old-Latin
3093 1920 3172 1984 B.
3216 1919 3279 1982 T
3273 1966 3310 1998 .,
3343 1918 3471 1994 111,
3509 1914 3696 1982 1888.

775 2044 868 2106 αἱ.
916 2024 1317 2108 Fragmenta
1360 2023 1585 2090 Lucae
1642 2021 2004 2102 Curiensia,
2056 2043 2220 2088 saec.
2265 2023 2350 2097 V,
2401 2032 2664 2087 exstant
2714 2024 2876 2089 Luc.
2920 2024 3014 2088 xi.
3068 2040 3320 2106 11-293
3363 2021 3504 2085 xiii.
3553 2021 3785 2106 16—34.

959 2127 1087 2193 Ed.
1122 2128 1200 2192 E.
1236 2128 1474 2192 Ranke
1505 2127 1850 2210 Marburgi
1887 2125 2075 2208 1872,
2106 2147 2241 2210 rep.
2278 2127 2326 2191 L
2363 2125 2435 2192 S.
2477 2126 2846 2191 Old-Latin
2874 2126 3161 2193 Biblical
3192 2126 3404 2202 Texts,
3438 2125 3529 2204 11,
3562 2124 3749 2189 1886.

781 2235 837 2295 δ.
887 2229 1157 2297 Codicis
1205 2230 1719 2297 Graeco-Latini
1766 2229 2222 2312 Sangallensis
2263 2227 2379 2316 (Δ)
2424 2229 2628 2295 latina
2673 2231 2908 2308 uersi0,
2942 2251 3112 2296 saec.
3147 2230 3270 2307 IX,
3315 2231 3419 2315 ed.
3452 2228 3541 2291 H.
3578 2226 3655 2293 C.
3688 2228 3787 2292 M.

964 2334 1203 2417 Rettig
1230 2334 1452 2400 Turici
1492 2335 1680 2420 1836.

962 2437 1056 2501 Hi
1088 2438 1350 2503 codices
1378 2438 1472 2502 sic
1502 2438 1893 2522 plerumque
1921 2436 2434 2521 distinguuntur.
2522 2436 2865 2520 Europaei
2887 2446 3043 2501 sunt
3070 2458 3116 2500 a
3143 2431 3420 2523 (Matt.>,
3450 2456 3547 2518 a2‚
3566 2434 3622 2510 b,
3650 2435 3696 2512 i,
3726 2455 3789 2512 n,

781 2561 832 2623 q
859 2537 1109 2626 (quoad
1142 2540 1605 2628 Latinitatem)
1631 2565 1648 2618 3
1698 2539 1762 2618 h,
1777 2550 1848 2623 p,
1880 2563 1964 2623 rl.
2050 2540 2221 2604 Itali
2257 2548 2417 2605 sunt
2428 2541 2499 2623 f,
2528 2561 2572 2624 q
2601 2537 2854 2625 (quoad
2884 2537 3197 2626 textum).
3282 2539 3605 2622 Africani
3629 2537 3693 2612 k,
3720 2557 3757 2601 e
3774 2560 3792 2615 ;

783 2665 875 2707 m.
961 2644 1181 2710 Mixti
1204 2666 1247 2708 a
1276 2642 1437 2730 (Mc.
1472 2644 1590 2710 Lc.
1623 2642 1815 2727 Ioh.),
1843 2665 1878 2707 c
1890 2642 2001 2727 ff„
2015 2642 2141 2727 ff2,
2163 2641 2454 2730 g1‚(g2),
2482 2643 2548 2723 d,
2578 2647 2629 2707 ὃ.
2721 2642 3475 2726 Prope-Hieronymiani
3497 2643 3538 2718 l,
3569 2638 3790 2728 (aun),

787 2743 948 2832 (82)-

1626 3019 1796 3086 CAP.
1846 3020 1970 3085 IX.
2012 3116 2017 3121 ἡ
2063 3018 2168 3084 De
2213 3030 2421 3086 textus
2463 3023 2678 3086 nostri
2700 3022 2956 3104 forma.

880 3188 885 3198 '
966 3183 1516 3252 CAPITULORUM
1541 3196 1608 3252 et
1633 3208 1938 3253 uersuum
1962 3208 2268 3253 numeros
2292 3210 2380 3253 ex
2408 3187 2640 3253 Bibliis
2666 3187 3089 3273 Stephanicis
3111 3187 3266 3252 anni
3295 3196 3462 3270 1555
3480 3184 3792 3270 adposui-

789 3309 959 3368 mm,
987 3310 1160 3372 quae
1188 3299 1342 3354 sunt
1372 3290 1584 3374 prima
1604 3290 1827 3357 Biblia
1857 3313 2009 3356 cum
2041 3292 2339 3357 uersibus
2362 3292 2700 3357 hodiernis
2720 3312 2889 3374 quae
2915 3293 3118 3356 etiam
3142 3292 3207 3356 in
3235 3293 3400 3356 serie
3424 3289 3792 3356 Oxoniensi

788 3403 1093 3458 ueterum
1140 3393 1533 3458 Latinorum
1581 3395 1789 3460 secuti
1839 3415 2084 3460 sumus.
2177 3396 2402 3459 Prima
2454 3395 2633 3459 enim
2687 3394 2876 3460 Noui
2937 3395 3338 3459 Testamenti
3381 3395 3590 3459 editio
3642 3412 3795 3458 cum

791 3496 1108 3570 uersibuS,
1153 3516 1325 3579 quae
1369 3506 1472 3562 est
1526 3496 2061 3563 Graeco-Latina
2122 3497 2471 3583 Stephani,
2519 3500 2782 3563 duobus
2840 3498 3062 3580 paruis
3115 3498 3578 3580 uoluminibus,
3622 3517 3799 3561 anno

796 3612 959 3680 1551
996 3598 1271 3682 prolata,
1298 3601 1364 3664 in
1396 3601 1594 3676 nulla,
1614 3603 1794 3684 quod
1818 3602 2078 3681 scimus,
2099 3624 2188 3666 ex
2214 3602 2714 3667 Oxoniensibus
2749 3599 3179 3666 Bibliothecis
3210 3601 3485 3666 inueniri
3516 3611 3797 3685 poterat.

792 3701 993 3766 Plura
1026 3703 1111 3767 de
1141 3703 1244 3767 his
1276 3706 1574 3769 uersibus
1605 3705 1848 3770 uidesis
1879 3707 1945 3769 in
1988 3706 2451 3770 dissertatione
2484 3705 2701 3770 Ezrae
2729 3706 2973 3771 Abbot
3014 3707 3083 3769 in
3117 3706 3605 3787 Prolegomenis
3635 3702 3798 3768 Cas-

791 3807 936 3889 pari
970 3806 1214 3871 Renati
1247 3806 1551 3890 Gregory
1577 3809 1664 3872 ad
1696 3809 1873 3873 Nou.
1903 3810 2087 3874 Test.
2117 3809 2783 3875 Tischendorfianum
2815 3829 2991 3874 anno
3028 3807 3195 3886 1884
3227 3810 3426 3873 edita.

972 3910 1051 3974 In
1096 3911 1500 3976 sectionibus
1545 3913 2011 3991 describendiS,
2041 3934 2212 3996 quae
2258 3914 2493 3978 litteris
2541 3912 2905 3977 maioribus
2949 3912 3287 3996 incipiunt,
3318 3922 3388 3977 et
3432 3912 3498 3975 in
3544 3910 3799 3975 lineolis

790 4034 917 4098 per
943 4014 1090 4079 cola
1132 4024 1200 4079 et
1241 4024 1594 4094 commata,
1624 4016 2123 4082 distinctionum
2165 4017 2333 4091 loco,
2367 4016 2770 4093 diuidendiS,
2795 4018 3094 4081 codicem
3125 4013 3545 4080 Amiatinum
3576 4014 3795 4097 sequi-

795 4137 961 4194 mur,
988 4118 1104 4200 qui
1133 4116 1299 4182 liber
1329 4127 1621 4182 mentem
1653 4119 1890 4185 saltem
1926 4118 2330 4184 Cassiodorii
2361 4120 2697 4197 senatoris,
2729 4121 2784 4184 si
2829 4139 2963 4183 non
2999 4119 3416 4202 Hieronymi,
3448 4120 3535 4183 de
3563 4117 3689 4181 hac
3729 4138 3802 4181 re

794 4221 1174 4304 exprimere
1217 4221 1581 4287 credendus
1634 4232 1755 4287 est.
1869 4223 1949 4287 In
2000 4225 2289 4289 numeris
2341 4244 2670 4288 canonum
2717 4222 3295 4287 Tischendorfium
3342 4222 3478 4288 sere
3535 4241 3799 4306 semper

795 4344 1150 4407 sequimur.

973 4427 1203 4491 Uerba
1232 4427 1443 4492 obelis
1473 4428 1724 4494 inclusa
1757 4449 1986 4494 ueram
2018 4450 2161 4495 esse
2205 4430 2556 4495 lectionem
2600 4428 2947 4512 credimus,
2979 4450 3385 4514 quamquam
3425 4429 3528 4494 uel
3574 4428 3802 4514 paucis

796 4529 904 4595 uel
942 4530 1138 4595 nullis
1167 4530 1233 4594 in
1263 4532 1600 4597 codicibus
1632 4533 2064 4599 inueniantur.
2138 4534 2330 4599 Talia
2368 4544 2523 4600 sunt
2557 4535 2886 4618 ‘quinque
2916 4533 3280 4615 †milium†
3319 4533 3661 4598 hominum
3681 4532 3697 4557 ’
3731 4544 3800 4598 et

799 4635 1159 4718 ‘quattuor
1197 4635 1563 4717 †milium†
1605 4635 1984 4701 hominum’
2029 4637 2228 4702 Matt.
2270 4639 2407 4702 xvi.
2441 4654 2500 4718 9,
2535 4656 2661 4717 103
2708 4640 2997 4703 ‘bonum
3039 4638 3164 4703 tibi
3205 4646 3307 4703 est
3335 4637 3798 4720 †unoculum†

797 4738 868 4802 in
900 4737 1109 4802 uitam
1140 4736 1377 4802 intrare
1398 4736 1414 4761 ’
1446 4740 1534 4803 ib.
1573 4740 1755 4804 xviii.
1788 4759 1847 4823 9,
1880 4750 1948 4805 et
1978 4745 1995 4773 ‘
2015 4740 2361 4822 †euerrit†
2393 4742 2669 4805 domum
2691 4737 2709 4766 '
2739 4740 2905 4805 Luc.
2936 4762 3050 4806 xv.
3085 4741 3144 4805 8.

976 4842 1205 4906 Uerba
1251 4843 1437 4907 uncis
1486 4841 1734 4909 inclusa
1780 4866 1822 4909 a
1871 4845 2063 4909 nobis
2105 4865 2225 4927 pro
2267 4845 2490 4928 glossa
2534 4844 2964 4927 habebantur,
2996 4845 3111 4910 sed
3157 4865 3307 4909 cum
3354 4845 3421 4908 in
3459 4841 3801 4910 codicibus

802 4945 1089 5009 inessent
1118 4944 1383 5029 penitus
1410 4946 1612 5011 deleri
1654 4968 1786 5013 non
1824 4957 2149 5032 poterant.
2237 4948 2432 5014 Talia
2469 4958 2623 5013 sunt
2660 4953 2675 4981 ‘
2700 4948 3112 5032 stupefactus
3142 4959 3243 5014 est
3287 4943 3759 5037 [expauerunt]
3783 4947 3799 4972 ’

801 5047 1011 5113 Marc.
1044 5049 1133 5113 ix.
1170 5059 1269 5128 15.

979 5150 1540 5238 Orthographiam
1585 5154 1890 5250 codicum
1935 5155 2285 5239 sequimur,
2328 5164 2400 5221 et
2442 5166 2768 5239 quantum
2828 5153 2969 5220 fieri
3011 5163 3238 5239 potest
3280 5156 3347 5220 in
3391 5175 3523 5221 uno
3565 5156 3804 5240 quouis

804 5255 973 5320 libro
1002 5276 1203 5320 unam
1236 5255 1517 5322 formam
1548 5257 1959 5326 exhibemus.
2050 5258 2187 5324 Sed
2219 5279 2521 5325 normam
2553 5260 2747 5324 nimis
2777 5259 3058 5343 rigidam
3096 5258 3163 5322 in
3204 5259 3397 5324 rebus
3426 5259 3802 5325 huiusmodi

809 5358 996 5423 nobis
1025 5379 1156 5423 non
1190 5360 1642 5442 imposuimus.
1735 5362 1929 5427 Plura
1964 5364 2050 5427 de
2078 5363 2182 5427 his
2213 5364 2279 5427 in
2314 5364 2811 5446 Prolegomenis
2843 5362 3223 5428 reserentur.

2240 5573 2276 5615 e
