4717 6400
994 665 1123 731 390
1703 650 2345 712 EUANGELIUM
2382 652 2911 716 SECUNDUM
2946 653 3179 716 LUCA
3191 654 3288 718 M.
3692 651 3816 743 [XI.
3835 677 4040 734 33—39·

1012 825 1084 880 ut
1115 816 1228 899 qui
1261 817 1710 899 ingrediuntur

1101 920 1321 984 lumen
1352 921 1639 985 uideant.

936 1030 992 1071 ³⁴
1013 1022 1128 1072 0³⁴·
1153 1024 1198 1073 ὅ)
1232 1025 1530 1089 Lucerna
1558 1028 1853 1108 corporis
1882 1027 1980 1090 tui

1099 1138 1199 1192 est
1229 1129 1453 1192 oculus
1483 1138 1637 1193 tuus

1007 1231 1063 1295 si
1097 1232 1325 1296 oculus
1356 1241 1509 1295 tuus
1538 1233 1733 1297 fuerit
1764 1233 2052 1319 simplex

1096 1345 1316 1399 totum
1345 1357 1581 1419 corpus
1613 1347 1803 1401 tuum

1097 1440 1386 1505 lucidum
1417 1442 1541 1505 erit

1020 1543 1073 1606 si
1107 1553 1329 1607 autern
1363 1563 1653 1627 nequam
1687 1544 1883 1609 fuerit

1095 1647 1294 1711 etiam
1325 1667 1562 1731 corpus
1591 1659 1781 1712 tuum

1093 1751 1518 1815 tenebrosum
1548 1753 1673 1816 erit

932 1876 986 1916 ³⁵
1007 1852 1161 1918 uide
1191 1874 1351 1937 ergo
1379 1875 1462 1917 ne
1492 1854 1715 1919 lumen
1745 1857 1927 1938 quod

1095 1960 1162 2022 in
1192 1968 1262 2023 te
1297 1970 1396 2023 est
1424 1962 1739 2025 tenebrae
1766 1962 1899 2025 sint

930 2076 985 2116 ³⁶
1006 2062 1060 2124 si
1091 2083 1249 2145 ergo
1286 2083 1523 2145 corpus
1559 2073 1746 2127 tuum
1779 2073 1997 2128 toturn

1093 2165 1382 2230 lucidum
1413 2167 1605 2230 fuerit

2629 843 2759 886 non
2796 821 3047 887 habens
3077 822 3371 906 aliquam
3402 834 3661 908 partem

2713 928 3133 991 tenebrarum

2716 1030 2839 1094 erit
2870 1030 3162 1095 lucidum
3192 1042 3413 1095 totum

2630 1142 2697 1197 et
2726 1134 2896 1198 sicut
2927 1134 3188 1198 lucerna
3216 1135 3487 1218 fulgoris

2715 1237 3134 1302 inluminabit
3165 1249 3252 1302 te.

2555 1340 2606 1380 ³⁷
2629 1340 2744 1392 (1³6·
2769 1338 2813 1390 ⁶)
2847 1341 2939 1406 Et
2969 1361 3123 1406 cum
3155 1340 3533 1423 loqueretur

2628 1445 2886 1529 rogauit
2946 1445 3133 1509 illum
3186 1446 3461 1527 quidam
3521 1446 3903 1531 pharisaeus
3956 1457 4028 1511 ut

2714 1549 3061 1632 pranderet
3094 1550 3273 1633 apud
3303 1570 3376 1614 se

2627 1661 2693 1715 et
2723 1652 3054 1734 ingressus
3085 1653 3381 1716 recubuit

2553 1758 2607 1797 ³⁸
2627 1756 3007 1838 pharisaeus
3038 1767 3260 1820 autern
3294 1757 3511 1840 coepit

2714 1860 2885 1923 intra
2919 1879 2991 1923 se
3022 1869 3332 1942 reputans
3364 1861 3585 1926 dicere

2624 1982 2830 2045 quare
2857 1983 2989 2027 non
3022 1962 3397 2046 baptizatus
3426 1976 3598 2029 esset

2710 2075 2865 2130 ante
2892 2066 3241 2150 prandium

2550 2170 2602 2208 ⁸⁰
2622 2179 2690 2233 et
2721 2170 2815 2233 ait
2847 2169 3154 2233 dominus
3189 2171 3274 2232 ad
3311 2170 3495 2234 illum

1004 2332 1047 2364 ⁸⁴
1069 2332 1305 2392 lucerna
1342 2332 1606 2409 corporis
1641 2333 1724 2390 tui
1757 2342 1848 2391 est
1883 2332 2088 2392 oculus
2127 2342 2276 2392 tuus.
2363 2334 2414 2393 si
2452 2334 2661 2394 oculus
2701 2344 2835 2393 tuus
2869 2333 3035 2392 fuerit
3063 2333 3327 2409 simplex.
3397 2342 3585 2393 totum
3613 2351 3829 2412 corpus
3856 2343 4022 2393 tuum

1002 2425 1258 2485 lucidum
1286 2426 1409 2483 erit.
1495 2427 1542 2484 si
1570 2435 1763 2485 autem
1794 2443 2049 2502 nequam
2075 2424 2247 2484 fuerit
2274 2436 2466 2486 totum
2493 2444 2707 2504 corpus
2734 2437 2898 2485 tuum
2928 2427 3302 2485 tenebrosum
3331 2427 3453 2486 erit.
3523 2426 3570 2461 ⁸⁸
3586 2427 3720 2487 uide
3761 2444 3903 2504 ergo
3946 2445 4023 2485 ne

1002 2519 1199 2577 lumen
1223 2519 1383 2595 quod
1410 2520 1549 2579 inte
1570 2529 1660 2579 est
1681 2520 1955 2578 tenebrae
1983 2519 2113 2578 sint.
2167 2518 2212 2553 ⁸⁸
2229 2520 2278 2578 si
2307 2538 2451 2598 ergo
2480 2538 2696 2598 corpus
2724 2531 2887 2578 tuum
2915 2529 3102 2579 totum
3130 2518 3388 2580 lucidum
3416 2519 3599 2579 fuerit.
3656 2539 3777 2581 non
3798 2521 4024 2579 habens

1001 2624 1226 2692 partem
1254 2613 1510 2690 aliquam
1537 2614 1910 2673 tenebrarum
1937 2614 2046 2672 erit
2072 2613 2331 2673 lucidum
2358 2624 2565 2674 totum.
2634 2624 2694 2674 et
2720 2614 2866 2674 sicut
2892 2614 3129 2673 lucerna
3156 2613 3399 2693 fulgoris
3431 2615 3797 2675 inluminabit
3824 2625 3901 2675 te.
3972 2615 4022 2673 si

1001 2708 1160 2766 enirn
1181 2726 1396 2784 corpus
1423 2708 1586 2785 quod
1617 2708 1680 2766 in
1708 2718 1764 2767 te
1785 2717 1874 2766 est
1900 2707 2197 2767 lucernam
2221 2726 2343 2768 non
2366 2709 2625 2768 habuerit
2644 2708 2936 2768 lucentem
2959 2709 3061 2768 tibi
3091 2712 3401 2769 tenebrosa
3422 2719 3526 2769 est.
3581 2719 3805 2787 quanto
3832 2710 4022 2785 magis

1001 2815 1194 2861 autem
1233 2801 1468 2861 lucerna
1515 2811 1616 2860 tua
1655 2801 1883 2876 fulgens
1922 2800 2135 2860 lucebit
2174 2802 2294 2860 tibi.
2366 2802 2410 2835 ⁸⁷
2426 2813 2485 2862 et
2525 2820 2660 2861 cum
2701 2802 2848 2862 haec
2890 2802 3241 2879 loqueretur.
3313 2804 3540 2880 rogauit
3583 2821 3720 2862 eum
3776 2802 4019 2880 quidam

998 2895 1349 2974 pharisaeus.
1433 2906 1499 2953 ut
1540 2896 1846 2972 pranderet
1885 2904 2028 2971 aput
2065 2912 2221 2954 eum.
2303 2906 2363 2954 et
2404 2896 2699 2973 ingressus
2741 2895 3044 2954 discubuit.
3131 2896 3175 2929 ⁸⁸
3192 2895 3529 2973 pharisaeus
3571 2907 3767 2956 autem
3807 2896 4017 2955 uidens

999 2989 1316 3049 admiratus
1344 2998 1449 3048 est.
1516 3008 1591 3049 eo
1620 2988 1782 3067 quod
1812 3006 1932 3047 non
1961 2989 2120 3064 prius
2148 2989 2474 3065 baptizatus
2502 2998 2607 3048 est.
2675 2989 3013 3068 priusquam
3038 2990 3437 3050 manducaret.
3498 2990 3543 3024 ⁸⁰
3559 3000 3616 3049 et
3642 2992 3721 3051 ait
3747 2991 4018 3051 dominus

999 3154 1116 3206 loco
1158 3154 1452 3206 abscondito
1492 3155 1534 3204 F
1576 3153 1684 3221 (sed
1704 3154 1891 3220 forsan
1934 3170 1998 3205 ex
2029 3155 2254 3206 Mamaea
2292 3157 2402 3217 est).

1006 3241 1062 3289 >
1096 3250 1215 3299 pou.
1254 3235 1345 3284 sub
1378 3234 1620 3283 absconso
1655 3248 1696 3282 e.
1761 3249 1966 3292 cupra:
2017 3249 2166 3299 super
2200 3233 2403 3284 3²*Tw

2609 3155 2853 3221 sulguoris
2898 3155 2975 3215 T;
3026 3155 3220 3220 fulgens
3262 3157 3317 3207 J.
3386 3154 3703 3205 inluminauit
3747 3155 4017 3219 OZ*(corr.

2611 3232 2711 3296 2²),
2735 3232 3039 3283 illuminabit
3064 3234 3252 3297 Wvg.;
3286 3233 3537 3282 illuminat
3558 3234 3727 3283 Bentl.
3755 3231 4018 3299 (φωτίζως

999 3311 1170 3362 Bentl.
1202 3326 1236 3360 a
1266 3311 1306 3360 d
1331 3327 1358 3360 e
1390 3328 1422 3377 q
1455 3314 1495 3359 δ.
1562 3311 1777 3363 candell.
1814 3312 1888 3373 ΞΡ,
1924 3311 2275 3363 candelabrum
2316 3312 2404 3371 K;

1014 3404 1050 3439 4
1078 3396 1129 3440 et
1168 3390 1233 3439 D.
1300 3392 1403 3448 qui
1441 3393 1614 3448 incra
1668 3388 1905 3440 intrantes
1942 3405 1976 3439 a
2015 3407 2062 3450 r,
2101 3388 2406 3441 introeuntes

999 3483 1025 3517 c
1043 3467 1085 3517 d
1098 3483 1139 3529 e,
1164 3468 1491 3533 ingredientes
1514 3469 1556 3515 δ.
1622 3467 1814 3518 uidiant
1837 3468 1901 3517 R.

1066 3559 1147 3609 34
1180 3561 1274 3595 om.
1307 3549 1396 3595 tui
1427 3547 1455 3596 ι’
1482 3563 1514 3612 q
1549 3548 1577 3593 δ
1609 3562 1722 3594 cum
1752 3561 1836 3609 gr.
1874 3545 1994 3609 (exc.
2029 3546 2123 3603 D).
2189 3546 2403 3596 hoculus

999 3623 1074 3672 bis
1095 3623 1158 3684 C,
1181 3639 1285 3674 occ.
1309 3624 1384 3674 bis
1405 3624 1469 3675 R.
1516 3640 1611 3675 om.
1636 3631 1772 3673 tuua
1795 3625 1823 3670 δ
1843 3640 1957 3672 cum
1972 3639 2056 3688 gr.
2082 3624 2406 3675 noEGHKL

997 3709 1083 3752 etc.
1152 3706 1236 3754 ⁸1:
1274 3719 1390 3752 cum
1423 3702 1494 3751 bis
1529 3702 1558 3750 b
1589 3702 1629 3751 d
1641 3702 1717 3767 ff,
1737 3717 1785 3766 q,
1807 3717 1896 3751 sec.
1919 3701 1958 3763 i,
1976 3708 2064 3766 pr.
2086 3719 2132 3751 r.
2202 3702 2406 3768 simplix

999 3780 1066 3834 Ο.
1089 3780 1312 3845 semplex
1335 3779 1398 3829 R.
1462 3787 1518 3835 >
1538 3779 1753 3845 simplex
1775 3779 1922 3829 fuerit
1944 3780 1995 3828 D
2018 3795 2066 3828 a.
2133 3782 2285 3844 aipr.
2314 3815 2327 3829 .
2352 3815 2366 3828 .
2389 3813 2406 3830 .

998 3860 1270 3915 simplex:
1303 3859 1534 3923 princeps
1557 3857 1717 3922 inepte
1743 3856 1780 3906 ι’.
1849 3859 1962 3906 erit
1982 3864 2102 3922 pn:
2136 3857 2308 3907 uoluit
2329 3864 2403 3908 est

997 3937 1168 3985 Bentl.
1191 3951 1302 3984 cum
1319 3951 1400 3999 gr.
1414 3936 1558 4000 plur.
1582 3943 1629 3984 et
1649 3950 1682 3983 a
1704 3952 1729 3983 c
1749 3935 1865 4000 dff2
1887 3934 1912 3984 ι’
1933 3936 1975 3985 δ.
2042 3942 2234 3985 autem
2261 3937 2404 3997 (uero

997 4014 1056 4078 a)
1072 4028 1107 4063 4
1123 4013 1298 4063 oculus
1321 4022 1435 4062 tuus
1457 4013 1502 4062 E
1524 4028 1557 4061 a
1578 4029 1692 4062 cum
1714 4027 1797 4075 gr.
1823 4014 1890 4063 Χ.
1959 4027 2121 4077 nequa
2141 4028 2175 4062 a
2196 4011 2305 4079 bff,
2329 4013 2354 4060 i
2374 4029 2408 4062 r

997 4107 1133 4152 aur„
1175 4105 1485 4156 nequaquam
1535 4090 1613 4148 R;
1669 4090 1835 4140 malus
1887 4090 1940 4151 d,
1989 4098 2306 4140 excaecatum
2359 4106 2402 4139 e.

1000 4168 1184 4218 aetiam
1220 4169 1293 4224 E;
1338 4175 1387 4217 et
1417 4184 1451 4218 a
1482 4168 1575 4217 de
1608 4169 1663 4223 ὃς
1701 4169 1854 4217 etiarn
1887 4175 1937 4218 et
1968 4168 2049 4225 R;
2081 4184 2237 4218 onae.
2304 4184 2399 4218 om.

998 4254 1164 4296 tuum
1201 4262 1288 4297 sec.
1325 4247 1388 4296 R.
1473 4246 1814 4296 tenebrossum
1848 4246 1934 4309 D;
1979 4246 2244 4296 obscurum
2283 4247 2312 4295 b
2350 4263 2397 4312 q.

998 4328 1110 4376 erit
1130 4325 1287 4391 adfin.
1310 4341 1322 4374 ε
1358 4331 1433 4374 est
1453 4324 1493 4373 d
1510 4340 1549 4373 e.

1066 4415 1146 4466 35.
1183 4406 1319 4452 uide
1340 4419 1352 4452 ε
1388 4402 1556 4467 aspice
1579 4417 1628 4466 q,
1650 4400 1766 4450 uide
1792 4407 1843 4451 et
1867 4401 2064 4451 intende
2088 4402 2129 4451 δ.
2196 4417 2291 4450 om.
2314 4408 2403 4452 eat

999 4481 1062 4530 R.
1131 4480 1331 4530 tenebre
1365 4480 1447 4530 W.
1515 4485 1629 4529 sunt
1668 4478 1833 4542 D(sed
1866 4486 1911 4527 st
1948 4485 2099 4544 super
2135 4495 2169 4528 u
2213 4480 2400 4539 scr.)G.

1007 4558 1220 4609 Uersum
1243 4558 1319 4606 ita
1339 4557 1521 4606 habent
1542 4563 1661 4606 uett.
1685 4556 1726 4606 si
1758 4572 1879 4622 ergo
1908 4556 2077 4606 lumen
2106 4555 2240 4622 quod
2270 4556 2320 4605 in
2351 4564 2403 4607 te

996 4644 1072 4686 est
1095 4635 1181 4701 (>
1200 4643 1274 4685 est
1297 4637 1348 4684 in
1370 4643 1420 4686 te
1440 4650 1474 4684 a
1496 4651 1523 4683 e
1528 4635 1623 4700 ff2)
1649 4634 1879 4685 tenebrae
1911 4642 2022 4685 sunt
2045 4634 2151 4700 ipse
2172 4635 2401 4686 tenebrae

999 4721 1116 4775 (om.
1162 4713 1268 4778 ipse
1310 4714 1372 4771 ἅς
1422 4720 1519 4763 ten.
1560 4719 1673 4762 tuae
1712 4728 1738 4761 e
1767 4712 1858 4778 ff„
1901 4713 2128 4763 tenebrae
2171 4712 2223 4762 in
2266 4721 2316 4763 te
2361 4713 2399 4773 ι’,

996 4792 1225 4842 tenebrae
1248 4807 1365 4842 reae.
1393 4829 1403 4840 .
1431 4827 1441 4839 .
1465 4792 1521 4851 a)
1545 4799 1759 4856 quantae
1781 4798 1893 4840 sunt
1917 4791 2032 4853 (om.
2055 4792 2114 4854 d)
2137 4807 2170 4840 a
2191 4791 2220 4840 b
2239 4792 2402 4857 deff,

997 4871 1024 4919 ι’
1051 4887 1084 4918 r
1114 4885 1228 4918 cum
1252 4885 1337 4933 gr.
1375 4870 1424 4918 D
1457 4876 1506 4917 et
1536 4885 1633 4920 om.
1669 4885 1721 4920 u.
1760 4868 1869 4932 36.;
1901 4885 1966 4918 ex
1996 4870 2129 4931 Λᾶς
2161 4869 2223 4933 cf.
2259 4872 2397 4934 Aug.

1002 4949 1199 5009 Quaest.
1226 4962 1405 5011 euang.
1434 4947 1504 4997 11.
1537 4959 1610 5010 15.

1063 5024 1142 5087 36.
1176 5041 1272 5076 om.
1291 5031 1476 5076 totum
1487 5033 1572 5090 pr.
1589 5025 1862 5075 OEDEKze
1870 5033 1975 5090 gat.
1994 5042 2109 5075 aur.
2164 5033 2220 5081 >
2234 5033 2397 5078 totum

996 5119 1177 5168 corpus
1219 5112 1358 5153 tuum
1402 5105 1591 5153 H’TW.
1682 5107 1885 5154 ruerit:
1939 5104 2031 5154 erit
2075 5102 2306 5167 C*T*(4
2344 5105 2397 5154 fu

995 5182 1174 5239 C⁸T⁰).
1248 5190 1303 5238 >
1333 5182 1479 5233 suerit
1516 5182 1737 5233 lucidum
1771 5181 1838 5231 K.
1911 5189 1967 5237 >
2001 5181 2143 5231 fuerit
2175 5179 2397 5230 lucidum

994 5267 1156 5309 totum
1202 5260 1272 5308 Z*
1291 5261 1398 5323 (sed
1434 5260 1602 5323 corn).
1668 5262 1919 5317 aliquam
1954 5275 2048 5310 om.
2091 5260 2159 5308 D.
2228 5260 2398 5309 uoluit

993 5337 1304 5387 tenebrosam
1340 5338 1510 5386 Bentl.
1551 5335 1866 5402 (σκοτεινόν).
1946 5345 2002 5393 >
2040 5336 2262 5387 lucidum
2300 5337 2395 5387 erit

997 5414 1112 5465 DR.
1179 5420 1364 5465 totum
1396 5430 1513 5465 sec.:
1564 5422 1705 5464 tuum
1743 5416 1805 5480 Q.
1871 5414 2015 5465 sicuti
2052 5415 2095 5466 C
2111 5434 2128 5474 ς
2177 5415 2288 5465 sic-
2326 5416 2394 5465 D.

2608 3312 2782 3362 deinde
2811 3311 3043 3376 sequitur
3074 3310 3474 3360 additamentum
3508 3310 3567 3360 in
3585 3311 3661 3376 s;
3693 3311 3812 3360 uide
3842 3318 4019 3375 supra.

2618 3391 2831 3442 Uersum
2856 3389 2932 3438 ita
2954 3389 3098 3437 habet
3120 3405 3166 3454 q,
3189 3390 3232 3439 si
3254 3405 3375 3454 ergo
3398 3405 3579 3454 corpus
3600 3397 3739 3439 tuum
3762 3389 4017 3439 lucernam

2611 3484 2711 3518 nou
2745 3468 2932 3518 habens
2964 3466 3183 3517 lucidam
3217 3468 3481 3517 obscurum
3515 3474 3591 3517 est
3630 3475 3817 3533 quanto
3855 3465 4018 3531 magis

2609 3561 2723 3597 cum
2746 3546 2949 3596 lucerna
2971 3545 3134 3595 luceat
3156 3544 3420 3594 inluminat
3441 3553 3508 3596 te.

2675 3634 2754 3687 37.
2789 3624 2900 3673 Inc.
2937 3623 2988 3672 iu
3026 3639 3089 3673 eo
3128 3631 3294 3673 autem
3333 3639 3448 3673 cum
3485 3623 3587 3689 loq.
3628 3623 3657 3672 b
3693 3639 3742 3688 q,
3782 3622 4017 3689 loquente

2609 3708 2774 3750 autem
2796 3717 2858 3750 eo
2879 3716 2913 3750 a
2936 3716 2994 3760 r;
3027 3717 3123 3750 om.
3145 3701 3197 3751 d.
3264 3716 3417 3767 quum
3438 3700 3558 3752 ΗΘ.
3624 3703 3735 3759 loq.
3751 3714 3787 3752 4
3802 3701 3925 3751 haec
3948 3701 4015 3751 G.

2608 3781 2866 3837 rogauit:
2920 3779 3046 3844 petit
3089 3795 3135 3828 e.
3200 3782 3397 3829 illum:
3449 3794 3561 3828 eum
3601 3777 3647 3827 E
3683 3794 3717 3828 a
3759 3794 3785 3827 c
3826 3777 4013 3843 df&

2610 3856 2868 3922 phariseus
2914 3857 3106 3918 ESPW,
3153 3872 3257 3921 par.
3305 3857 3369 3918 R,
3416 3856 3505 3907 fas.
3554 3858 3622 3919 D,
3668 3854 3903 3906 sarisaeus
3947 3856 4011 3916 T,

2609 3933 2882 3999 pharisaeis
2925 3935 2991 3983 A.
3069 3938 3375 3992 pranderet
3422 3933 3699 3999 (prandiret
3742 3934 3813 3996 R)
3858 3937 4015 3992 apud

2612 4010 2759 4077 (aput
2796 4011 2963 4075 GRT)
3005 4027 3065 4061 aa
3107 4012 3180 4073 (te
3214 4013 3253 4062 J
3257 4012 3309 4075 ):
3359 4027 3472 4062 cum
3512 4011 3605 4061 illo
3646 4011 3905 4077 pranderet
3944 4010 4015 4059 Μ’

2593 4089 2668 4155 ff²
2690 4089 2726 4147 i.
2748 4106 2862 4140 cum
2883 4106 2946 4139 eo
2971 4106 3018 4155 p.
3043 4090 3072 4138 b
3092 4091 3117 4138 l
3134 4106 3184 4154 q,
3210 4089 3364 4155 (apud
3386 4105 3502 4140 eum
3524 4106 3548 4139 c
3558 4089 3663 4154 sr,
3689 4090 3824 4154 apud
3846 4090 4013 4154 ipsum
4104 4092 4113 4099 '

2606 4182 2651 4227 e,
2685 4183 2852 4216 secum
2885 4168 2957 4230 a).
3024 4173 3086 4217 et
3116 4183 3235 4217 sea:
3281 4168 3412 4217 iesus
3444 4173 3609 4217 autem
3630 4164 3726 4222 *ΤΞ
3759 4166 3865 4216 edd.
3900 4173 4011 4217 ant.

2606 4261 2709 4295 exc.
2754 4245 2946 4294 Froben
2993 4258 3136 4308 1502,
3178 4246 3335 4295 Sacon
3387 4258 3529 4309 15¹5·
3609 4245 3829 4308 ingresus
3873 4244 4013 4305 3PR3

2606 4324 2792 4372 intrans
2813 4323 2853 4370 d
2871 4323 3021 4386 (abiit
3042 4330 3209 4372 autem
3229 4330 3279 4371 et
3301 4322 3380 4387 e);
3418 4336 3454 4374 4
3469 4322 3675 4371 domum
3697 4322 3744 4370 R
3766 4337 3885 4373 aar.

2675 4402 2752 4463 38.
2787 4400 3043 4466 phariseus
3087 4402 3324 4462 EffRW,
3366 4401 3521 4451 sarisa
3563 4402 3631 4462 D,
3670 4399 3905 4451 farisaeus
3943 4400 4008 4452 Τ.

2605 4493 2700 4528 om.
2725 4484 2914 4528 autem
2936 4479 3000 4527 R.
3066 4481 3255 4537 eoepit
3278 4479 3464 4544 (caepit
3488 4477 3562 4541 D)
3592 4481 3745 4528 intra
3775 4479 3930 4543 (apud
3959 4480 4007 4540 e)

2607 4571 2667 4605 ae
2690 4562 2960 4615 reputans
2988 4556 3188 4620 (putans
3215 4556 3259 4615 ί)
3292 4559 3479 4606 dicere
3513 4556 3809 4619 (recogitans
3839 4557 3870 4605 i.
3894 4573 3932 4606 s.
3957 4556 4009 4606 d.

2605 4650 2654 4695 a,
2694 4634 2747 4683 in
2787 4650 2824 4683 s.
2861 4636 3086 4699 cogitans
3123 4635 3171 4684 d.
3191 4633 3265 4699 ff}
3299 4651 3345 4696 r,
3379 4649 3546 4684 secum
3586 4633 3845 4699 disputans
3884 4635 3935 4683 d.
3967 4651 4009 4693 c,

2605 4712 2825 4776 cogitare
2848 4712 2901 4761 in
2923 4720 3078 4761 semet
3099 4713 3209 4777 ipso
3232 4713 3398 4763 dicens
3414 4712 3474 4777 d)
3497 4711 3627 4761 codd.
3646 4719 3694 4760 et
3714 4727 3792 4776 vg.
3818 4720 3867 4761 et
3889 4719 4010 4762 καί.

2595 4790 2739 4855 plur.
2766 4806 2880 4839 cum
2895 4805 2977 4854 gr.
3002 4792 3052 4840 D
3079 4804 3104 4838 2
3109 4804 3167 4854 51
3194 4787 3376 4852 ἤρξατο
3398 4787 3752 4852 διακρινόμενος
3774 4788 3829 4839 ἐν
3853 4790 4009 4854 ἑαυτῷ

2602 4865 2803 4929 sewu:
2839 4868 3014 4918 uidens
3046 4867 3251 4918 miratus
3285 4868 3438 4932 (adm.
3451 4868 3525 4932 s)
3558 4875 3631 4917 est
3651 4867 3703 4932 f
3725 4868 3752 4916 δ
3783 4884 3895 4916 cum
3922 4882 4006 4932 gr.

2592 4947 2738 5011 plur.
2770 4943 2881 4994 ἰδὼν
2914 4945 3197 5005 ἐθαύμασεν.
3266 4961 3411 4997 non:
3450 4958 3486 4996 4
3522 4946 3739 5011 primum
3768 4945 3815 4994 R
3838 4945 3866 4994 b
3886 4945 3927 4994 d
3942 4946 3968 4994 ι’
3985 4945 4012 4995 1

2603 5041 2635 5090 q
2657 5024 2932 5090 8‚4primo
2954 5025 3244 5089 ce,4prius
3272 5022 3440 5090 asffi.
3462 5039 3522 5083 r;
3555 5040 3669 5073 cum
3694 5039 3778 5087 gr.
3801 5023 4005 5085 πρῶτον.

2603 5102 2878 5152 babtizatus
2909 5103 3070 5152 DRT.
3137 5109 3295 5153 aesset
3327 5102 3406 5162 C;
3437 5108 3513 5152 est
3534 5102 3598 5152 T.
3664 5108 3797 5152 ante
3833 5102 4006 5156 (hante

2604 5180 2671 5239 C)
2706 5184 3036 5238 prandium:
3079 5181 3364 5246 priusquam
3398 5178 3685 5245 (antequam
3718 5180 3761 5244 i)
3798 5179 4005 5229 mandu-

2602 5265 2736 5307 caret
2757 5258 2865 5323 σθ’,
2887 5259 2912 5306 i
2929 5259 2954 5306 l
2971 5275 3017 5324 q,
3044 5265 3307 5323 antequam
3330 5257 3590 5325 pranderet
3611 5257 3651 5306 d
3666 5274 3712 5308 r.

2669 5350 2748 5400 39.
2786 5340 3081 5386 dominus:
3113 5336 3310 5386 iesus-J.
3360 5339 3559 5387 illum:
3593 5352 3708 5386 eum
3725 5334 3808 5386 Μ’.
3865 5334 4004 5391 >ad

2601 5413 2746 5465 illum
2771 5414 3002 5465 dominus
3024 5415 3083 5464 E.
3152 5414 3364 5480 phariaei
3388 5414 3521 5478 RW,
3540 5413 3698 5466 sarias.
3717 5416 3784 5475 D,
3807 5412 4005 5465 farisaei
