4717 6400
846 699 928 744 20
1799 679 2255 744 CAPITULA
2307 680 2423 741 IN
2462 679 3110 744 EUANGELIUM

1336 852 1549 905 AUVY.

844 946 919 1004 X.
978 945 1090 1004 Per
1144 955 1328 1006 totam
1384 929 1693 1023 galilaeam
1749 946 2045 1024 praedicat

924 1058 1135 1099 omnes
1163 1041 1429 1101 sanando
1457 1040 1789 1118 languores.

842 1227 946 1286 XI.
990 1227 1061 1286 In
1079 1237 1280 1289 monte
1311 1228 1627 1305 discipulos
1657 1228 1880 1289 docens
1912 1246 2044 1304 sep-

922 1331 1045 1381 tem
1066 1323 1448 1383 beatitudines
1469 1334 1528 1382 et
1548 1333 1817 1384 octauam
1848 1341 2043 1400 perse-

922 1417 1175 1476 cutionis
1201 1418 1463 1494 exponit.

842 1510 982 1569 XII.
1023 1509 1360 1587 Discipulos
1400 1511 1487 1570 sal
1515 1521 1698 1571 terrae
1740 1522 1799 1571 et
1836 1510 2042 1569 mundi

922 1605 1123 1663 lumen
1205 1606 1507 1683 appellans
1600 1605 1885 1684 praecipit
1981 1606 2044 1663 in

923 1698 1236 1776 splendore
1276 1718 1524 1777 operum
1564 1710 1791 1777 patrem
1817 1698 2039 1777 glorifi-

923 1793 1198 1853 candum.

842 1887 1012 1946 XIII.
1054 1886 1154 1949 Ob
1183 1887 1540 1964 implendam
1578 1887 1770 1964 legem
1804 1887 2037 1946 uenisse

804 2032 811 2039 .
923 2000 987 2041 se
1014 1981 1218 2042 dicens
1246 1982 1686 2059 pharisaeorum
1716 1981 1890 2041 docet
1917 1982 2039 2040 ius-

922 2075 1109 2135 titiam
1177 2075 1590 2153 superandam,
1668 2085 1724 2135 et
1795 2074 2038 2134 homici-

921 2170 1085 2230 dium
1140 2170 1273 2248 lege
1327 2181 1533 2230 uetans
1595 2170 1770 2229 etiam
1826 2186 2041 2229 munus

922 2264 1287 2325 offerendum
1314 2264 1507 2325 fratris
1547 2265 1711 2323 iubet
1737 2264 2039 2324 reconcili-

922 2360 1116 2419 atione
1145 2358 1381 2419 differri.

780 2518 789 2527 ,
841 2452 1042 2512 XIIII.
1084 2452 1586 2513 Consentiendum
1618 2453 1681 2511 in
1708 2452 1804 2511 uia
1832 2452 2040 2511 aduer-

923 2548 1096 2619 sario.
1141 2566 1265 2607 non
1319 2547 1754 2608 moechandum
1802 2546 2039 2617 docenS,

922 2642 1082 2702 iubet
1136 2642 1278 2701 uitia
1332 2641 1427 2701 uel
1476 2660 1643 2702 caros
1698 2641 2039 2700 inemenda-

921 2736 1067 2796 biles
1095 2737 1207 2795 sub
1232 2736 1473 2796 nomine
1501 2735 1656 2796 oculi
1682 2735 1776 2796 uel
1805 2734 2041 2794 dextrae

921 2830 1369 2891 scandalizantis
1398 2830 1643 2890 abscidi.

841 2924 976 2983 XV.
1018 2924 1200 2996 Quod
1249 2924 1473 2983 adulter
1529 2925 1604 2984 sit
1647 2925 1747 3001 qui
1795 2940 2040 2982 uxorem

919 3028 1169 3096 excepta
1208 3017 1604 3079 fornicationis
1640 3036 1820 3078 causa
1853 3017 2037 3076 demi-

923 3113 1093 3172 serit:
1168 3112 1490 3190 prohibens
1559 3112 1735 3172 etiam
1793 3112 2037 3171 omnino

920 3208 1129 3280 iurare,
1171 3207 1343 3268 docet
1384 3225 1495 3268 nec
1538 3207 1884 3286 percutienti
1925 3225 2036 3266 nec

921 3301 1236 3379 expolianti
1278 3319 1390 3361 nec
1433 3303 1759 3379 angarianti
1799 3320 1909 3360 nec
1937 3320 2035 3377 pe·

919 3397 1064 3455 tenti
1090 3395 1185 3455 uel
1214 3405 1479 3456 mutuare
1498 3395 1719 3456 uolenti
1745 3396 2033 3455 resistere.

839 3759 1004 3820 XVI.
1047 3760 1386 3820 Amandum
1412 3760 1744 3838 proximum
1782 3759 1913 3836 lege
1940 3760 2035 3817 fir-

918 3873 1092 3914 mans
1163 3855 1343 3914 etiam
1413 3855 1683 3914 inimicos
1752 3854 2037 3932 praecipit

919 3949 1264 4026 diligendos».

837 4043 1034 4103 XVII.
1061 4043 1483 4120 Elemosynam
1500 4042 1672 4103 docet
1701 4043 1762 4101 in
1785 4044 2034 4102 abscon-

918 4138 1043 4198 dito
1111 4137 1460 4208 faciendam,
1546 4155 1726 4216 quam
1806 4137 2036 4196 sinistra

917 4231 1152 4304 nesciat,
1182 4230 1244 4290 id
1270 4240 1363 4291 est
1389 4231 1671 4307 appetitio
1707 4229 1894 4290 laudis
1923 4230 2032 4289 hu-

918 4344 1146 4385 manae.

820 4411 1064 4479 XVIII.
1109 4419 1408 4480 Orationis
1450 4417 1763 4477 formulam
1806 4418 1868 4477 in
1903 4436 2035 4495 sep-

915 4523 1036 4574 tem
1078 4514 1454 4591 petitionibus
1496 4512 1732 4572 tradens
1775 4513 1854 4571 ait
1897 4532 2035 4590 pec-

914 4618 1046 4668 cata
1074 4609 1184 4667 nisi
1205 4608 1623 4666 dimittentibus
1652 4625 1775 4667 non
1803 4606 2029 4667 dimitti.

835 4702 1000 4761 XIX.
1043 4702 1236 4762 Docet
1264 4702 1388 4761 sine
1410 4701 1637 4760 tristitia
1656 4701 2032 4760 ieiunandum

914 4815 1026 4856 nec
1054 4794 1565 4855 thesaurizandum
1593 4796 1656 4853 in
1684 4806 1853 4854 terra.

834 4891 969 4950 XX.
1014 4889 1345 4950 Lucernam
1373 4889 1633 4965 corporis
1662 4889 1900 4949 oculum
1929 4908 2034 4967 ap-

913 4984 1137 5063 pellans
1164 5002 1274 5043 nec
1303 4982 1533 5042 duobus
1575 4983 1831 5042 dominis
1860 5001 2034 5059 posse

897 5208 1019 5258 XII.
1056 5208 1306 5272 praecepit
1338 5208 1389 5256 T
1380 5207 1509 5257 hcm.

895 5273 1044 5323 XIII.
1081 5273 1261 5322 aetatis
1291 5272 1465 5322 Thone.

896 5339 1077 5389 XIIII.
1114 5341 1243 5387 uia:
1280 5339 1352 5386 ira
1377 5337 1423 5386 U

895 5405 1010 5455 XV.
1045 5402 1258 5453 mutuari
1290 5403 1461 5453 Thoan.

2574 852 2634 903 C.

2228 946 2307 1004 iii.
2347 945 2426 1004 Et
2494 945 2841 1005 circumiens
2898 943 3045 1022 gali-

2391 1039 2543 1099 leam
2577 1040 2772 1098 uarios
2799 1038 3043 1116 languo-

2391 1152 2482 1193 res
2499 1132 2806 1193 hominum
2827 1143 3006 1192 curat.

3245 847 3432 899 BHG->J
3437 848 3483 897 T
3505 864 3620 900 aur.
3643 849 3799 899 Harl.
3826 859 3969 914 ²797·
4021 844 4032 849 ⁶

2146 1230 2318 1288 1111.
2347 1230 2711 1288 Beatitudo
2726 1234 2798 1289 et
2815 1233 3044 1288 cetera
3151 1222 3293 1281 1111.
3337 1221 3429 1282 De
3470 1221 3824 1282 beatitudine
3870 1232 3930 1283 et
3974 1223 4051 1283 de

2419 1327 2755 1384 mandata.
2803 1326 2892 1382 Id
2917 1329 3039 1395 est,

2225 2075 2281 2133 ii.
2324 2074 2419 2133 De
2447 2073 2782 2135 homicidio,

2202 2168 2278 2227 iii.
2319 2167 2415 2227 De
2442 2169 2796 2229 hoblatione.

2183 2925 2279 2983 iiii.
2322 2924 2414 2983 De
2474 2923 2688 2984 hoculo
2744 2935 2803 2984 et
2857 2943 3036 2984 manu

2385 3017 2698 3078 heruenda.

2218 3132 2267 3171 v.
2311 3111 2404 3172 De
2432 3111 2730 3172 adulteri0.

2196 3290 2265 3347 vi.
2310 3289 2622 3348 Huxorem
2670 3289 2779 3347 nisi
2818 3288 2939 3349 hob
2973 3309 3034 3349 a·

2356 3383 2666 3443 dulterium
2693 3401 2817 3443 non
2844 3384 3038 3444 dimit-

2354 3478 2611 3538 tendam.

2179 3574 2272 3632 vii.
2315 3572 2408 3634 De
2436 3573 2789 3633 iuramentis.

2157 3668 2268 3726 viii.
2310 3667 2403 3728 De
2433 3667 2648 3728 hoculo
2676 3676 2734 3726 et
2762 3667 2952 3726 dente.

2138 3762 2268 3822 viiii.
2311 3762 2592 3822 Inimicos
2620 3760 2967 3838 diligendos.

2215 4066 2268 4105 x.
2312 4045 2404 4105 De
2434 4044 2844 4122 helemosynis.

2137 4427 2221 4484 V.
2281 4428 2381 4483 De
2450 4424 2801 4483 horatione
2869 4440 3035 4495 quo-

2335 4516 2538 4573 modo
2570 4516 2869 4573 heret-ur.

2219 4716 2253 4773 i.
2296 4714 2390 4774 De
2420 4714 2673 4791 geiuni0.

2200 4811 2252 4867 ii.
2298 4809 2391 4867 De
2420 4808 2691 4868 thesauro
2708 4809 2768 4866 in
2790 4809 3033 4868 caelum.

2179 4906 2253 4963 iii.
2295 4902 2626 4961 Lucernam
2652 4903 2916 4979 corporis
2942 4921 3033 4963 es-

2382 5015 2444 5056 se
2472 4996 2763 5057 hoculum.

2203 5207 2331 5256 1111.
2359 5223 2411 5284 y.
2430 5207 2493 5256 de
2513 5205 2593 5255 ad.
2617 5214 2734 5256 ante

2206 5337 2266 5415 V.
2305 5286 2430 5400 (2122
2456 5271 2791 5396 (Ιίξῖοῗξοῡε
2822 5336 3033 5415 eleemo-

2138 5403 2526 5520 3ηαὶῗωῖῗὲιο
2544 5439 2558 5453 .
2575 5402 2835 5454 Ieiunium.
2959 5403 3031 5453 ἰιι.

3232 1318 3436 1378 ceteris
3465 1316 3775 1377 mandatis,

3143 4418 3214 4477 V.
3258 4417 3599 4480 Orationem
3620 4417 3795 4479 docet
3814 4429 3873 4478 et
3894 4419 4042 4478 inter

3223 4523 3417 4573 cetera
3457 4513 3733 4573 mandata
3759 4530 3883 4572 non
3910 4531 4041 4574 esse

3219 4607 3600 4685 cogitandum
3643 4605 3717 4667 de
3773 4607 3933 4666 uictu
3980 4617 4039 4667 et

3221 4703 3571 4763 uestimento
3597 4700 3889 4779 praedicit.

3207 5207 3334 5257 1111.
3366 5222 3461 5257 om.
3485 5209 3557 5257 de
3578 5222 3667 5256 sec.
3692 5206 3860 5258 ΒΗΘ.

3205 5271 3271 5323 V.
3303 5272 3558 5338 praedicat
3580 5272 3696 5322 BH.
