4717 6400
1724 681 2246 743 SECUNDUM
2283 678 2715 742 MARCUM.
3679 678 3799 756 185

1095 856 1295 905 DTtPGJ
1323 854 1590 919 (capitula)
1615 853 1663 916 Q
1687 853 1874 917 (aun).
2765 848 2817 896 K
2838 848 2995 899 Harl.
3023 856 3151 913 2790
3172 849 3337 898 Nanc.
3360 848 3539 897 Bamb.

2584 959 2715 999 rum
2751 941 2799 999 si
2835 940 2970 999 licet
3006 958 3251 1000 censum
3284 940 3504 999 caesari
3547 939 3671 998 dari
3712 958 3802 998 re-

2582 1034 2822 1111 sponsio
2852 1052 2995 1093 uero
3023 1033 3139 1092 diii.

582 1228 897 1287 XXXVII.
940 1227 1031 1288 De
1070 1247 1189 1288 am·
1226 1227 1495 1287 fratribus
1532 1227 1632 1304 qui
1672 1243 1854 1286 unam
1889 1243 2133 1285 uxorem
2177 1225 2394 1284 habue-
2500 1220 2848 1280 XXXVIII.
2903 1220 2997 1279 De
3040 1231 3266 1298 septem
3308 1219 3582 1280 fratribus
3623 1239 3803 1280 unam

666 1329 797 1377 runt
824 1328 880 1378 et
908 1318 1162 1395 dilegere
1189 1317 1290 1376 dr‘r'i
1319 1326 1377 1375 et
1404 1317 1759 1393 proximum.
2580 1316 2926 1375 habentibus
2974 1316 3279 1374 mulierem
3328 1324 3385 1373 et
3431 1313 3665 1374 alterius
3712 1315 3802 1373 in-

2583 1411 3038 1486 terrogationem
3107 1409 3271 1487 quod
3330 1418 3481 1468 esset
3545 1410 3802 1485 primum

2582 1504 2924 1563 mandatum
2966 1504 3028 1561 in
3068 1502 3216 1579 lege.

587 1598 934 1658 XXXVIII.
977 1598 1054 1658 Et
1103 1598 1259 1658 Cum
1306 1598 1686 1674 interrogaret
1736 1596 1809 1656 de
1858 1601 1980 1673 >1130
2029 1597 2193 1657 cuius
2241 1595 2395 1655 filius
2502 1597 2879 1657 XXXVIIII.
2929 1596 3311 1675 Interrogatio
3356 1597 3456 1655 diii
3497 1597 3802 1673 quomodo

668 1700 819 1749 esset
845 1689 990 1748 dixit
1018 1689 1238 1749 Cauete
1265 1707 1302 1748 a
1329 1687 1546 1748 scribis.
2585 1693 2809 1752 scribae
2837 1692 3030 1752 dicant
3057 1697 3200 1767 xiim
3228 1691 3409 1750 filium
3438 1707 3566 1750 esse
3593 1689 3786 1750 dauid.

591 2248 967 2309 XXXVIIII.
1016 2249 1094 2309 Et
1139 2249 1398 2309 laudauit
1438 2251 1528 2310 ihs
1570 2250 1808 2311 uiduam
1850 2270 1966 2330 que
2009 2250 2395 2330 quadrantem
2505 2255 2634 2313 XL.
2678 2254 2772 2314 De
2805 2253 3046 2313 muliere
3083 2253 3204 2313 duo
3231 2253 3456 2312 minuta
3483 2254 3544 2312 in
3578 2252 3670 2312 dei
3698 2253 3805 2311 do-

673 2346 734 2404 in
760 2344 1181 2422 gatzofilacium
1212 2347 1399 2405 mittit.
2587 2350 2750 2409 nario
2777 2349 3025 2409 iactanti.

594 2531 720 2591 XL.
762 2529 841 2590 Et
862 2531 1013 2591 Cum
1041 2533 1256 2593 diceret
1284 2533 1357 2594 de
1384 2533 1676 2612 lapidibus
1705 2534 1907 2612 templi
1936 2534 2266 2612 designauit
2294 2552 2399 2593 no·
2506 2537 2667 2597 XLI.
2710 2536 2805 2596 De
2830 2535 3030 2613 templi
3057 2535 3530 2595 destructionem.

677 2627 976 2686 nissimum
1005 2636 1253 2705 tempus·
2506 2632 2700 2692 XLII.
2744 2631 2837 2693 De
2865 2630 3046 2708 signis
3075 2630 3378 2689 nouissimi
3408 2632 3702 2708 temporis.

603 3966 761 4027 XLI.
789 3967 867 4027 Et
887 3970 1094 4030 mulier
1114 3968 1405 4047 quaedam
1428 3970 1585 4031 Cum
1608 3970 1976 4048 perfunderet
1997 3970 2118 4030 ihm
2143 3990 2405 4049 unguen·
2513 3974 2736 4035 XLIII.
2781 3974 2873 4035 De
2915 3977 3155 4038 muliere
3196 3977 3548 4041 effundentis
3586 3999 3810 4059 ungen-

684 4077 744 4123 to
772 4065 911 4124 abiit
937 4065 1103 4124 iudas
1131 4075 1192 4122 ut
1222 4065 1473 4125 traderet
1500 4084 1651 4125 eum.
2593 4082 2715 4129 tum
2745 4070 2844 4128 dni
2874 4072 3061 4148 capite
3088 4082 3145 4131 et
3172 4072 3340 4132 iudae
3369 4075 3662 4134 traditum.

2514 4258 2768 4318 XLIIII.
2819 4258 2909 4319 De
2944 4261 3044 4320 dni
3083 4279 3267 4321 caena
3308 4271 3366 4323 et
3402 4275 3627 4323 caetera
3664 4282 3813 4341 quae

2594 4355 2655 4412 in
2705 4372 2777 4413 ea
2823 4364 2954 4414 acta
3004 4366 3138 4414 sunt
3180 4356 3254 4416 de
3302 4357 3403 4415 dni
3450 4358 3711 4418 oratione
3756 4369 3814 4417 et

2594 4447 2766 4508 iudae
2811 4449 3116 4509 traditione
3161 4449 3618 4528 iudaeorumque
3663 4452 3814 4511 inlu-

2596 4559 2777 4600 sione.

671 4813 940 4864 XXXVII.
975 4815 1149 4865 fratres
1181 4814 1230 4865 G
1263 4829 1378 4867 aur.
1446 4820 1769 4867 habuerunt
1790 4822 1878 4867 ot:
1909 4829 1946 4867 -t-
1961 4817 2023 4867 de
2044 4819 2165 4868 hero
2186 4820 2224 4868 J
2238 4835 2251 4879 3
2273 4833 2309 4869 -ι-
2326 4820 2409 4870 de-
2577 4825 2850 4875 XXXVII.
2884 4825 3002 4875 dare
3024 4829 3178 4877 Harl.

602 4882 717 4931 bere
741 4882 787 4930 G
810 4895 926 4929 aur.
2578 4892 2702 4942 XL:
2739 4891 3049 4942 XXXVIIII
3070 4895 3215 4959 lapsu
3239 4895 3303 4943 K.
3373 4896 3547 4945 minito.
3574 4896 3666 4945 K*.

670 4945 968 4996 XXXVIII.
1002 4960 1096 4995 om.
1121 4952 1180 4996 et
1200 4946 1271 4995 ad
1296 4947 1412 4996 init.
1434 4963 1549 4996 aur.
1615 4949 1996 5013 interrogaretur
2017 4950 2179 5014 inepte
2201 4949 2282 5009 D;
2310 4963 2345 5000 -ι-
2363 4959 2413 5000 et

606 5013 672 5062 G.
737 5017 912 5061 esset:
949 5011 1013 5060 sit
1036 5011 1235 5075 {PGJQ
1257 5027 1402 5071 aur.;
1432 5021 1532 5063 -t-et
1552 5015 1610 5064 J.

669 5077 996 5126 XXXVIIII.
1032 5084 1116 5126 et:
1151 5079 1238 5127 ubi
1260 5079 1407 5128 §PGJ
1419 5095 1432 5137 ;
1465 5093 1560 5128 om.
1590 5093 1704 5128 aar.
1778 5086 1834 5136 >
1860 5081 2058 5130 miserat
2083 5080 2240 5144 (misit
2271 5081 2411 5144 aur.)

604 5142 772 5208 quadr.
797 5142 847 5191 in
868 5141 1230 5207 gazophylacio
1252 5144 1398 5194 :ff‘GJ
1403 5145 1450 5208 Q
1472 5160 1589 5194 aur.

605 5272 638 5321 d
724 5208 781 5257 L.
816 5214 1037 5323 etheum
1068 5212 1315 5258 diceret:
1350 5210 1438 5259 ubi
1466 5209 1588 5260 dicit
1618 5210 1685 5260 G.
1748 5210 1942 5277 lapides
1969 5227 2086 5261 aur.
2155 5210 2331 5275 templi
2361 5218 2412 5262 et

642 5274 708 5322 esi
779 5281 830 5322 at
906 5310 919 5324 .

675 5289 807 5387 ΧῗΙ.
843 5344 931 5388 et:
979 5339 1066 5387 ubi
1103 5339 1208 5389 GJ.
1273 5354 1367 5389 om.
1403 5344 1677 5398 quaedam
1711 5341 1774 5390 G.
1853 5356 1985 5392 oum
2017 5344 2410 5400 perfunderet:

607 5420 736 5469 quae
768 5403 983 5467 perfudit
1015 5406 1053 5454 J
1074 5419 1087 5462 3
1119 5405 1366 5469 perfundit
1398 5413 1617 5466 tantum,
1642 5408 1705 5456 G.
1772 5414 2179 5465 unguento÷et
2214 5409 2278 5458 G.
2346 5415 2414 5458 ut

607 5472 886 5519 traderet:
920 5477 970 5519 et
991 5469 1197 5519 tradidit
1219 5471 1330 5520 ΞΗ.
1399 5472 1521 5520 XLI
1554 5479 1602 5520 et
1635 5472 1781 5521 XLII
1818 5474 1876 5522 in
1907 5488 2070 5522 unum
2101 5474 2417 5536 coniungunt

607 5536 753 5584 {PGJ
759 5536 807 5598 Q
827 5551 962 5595 aur„
987 5541 1048 5583 ut
1068 5536 1136 5583 sit
1157 5536 1332 5584 XLIII
1359 5538 1415 5585 in
1439 5537 1561 5598 ffG,
1592 5538 1739 5586 XLII
1765 5539 1822 5586 in
1844 5540 1881 5588 J
1886 5540 1933 5602 Q
1957 5555 2068 5589 aur.
