4717 6400
1014 854 1226 919 DzPGQ
1240 870 1358 904 aar.

687 945 945 1006 XVIIII.
988 946 1066 1007 Et
1108 947 1197 1007 ihs
1242 948 1321 1006 ad
1369 947 1567 1006 turbas
1610 946 1685 1005 de

763 1042 1017 1101 iohanne
1047 1043 1318 1119 loquitur.

689 1135 822 1195 XX.
864 1137 1212 1197 recumbens
1257 1136 1346 1195 ihs
1393 1136 1456 1195 in
1503 1136 1686 1195 domu

767 1229 985 1290 farissei
1024 1232 1316 1308 quaedam
1348 1230 1556 1290 mulier
1597 1230 1683 1287 in-

765 1342 967 1400 gressa
1016 1323 1265 1383 lacrimis
1315 1323 1454 1382 lauit
1504 1323 1685 1401 pedes

763 1418 888 1477 eius
916 1425 975 1476 et
1003 1417 1227 1494 capillis
1255 1427 1493 1494 turgens
1514 1435 1684 1477 oscu-

765 1511 989 1570 labatur
1016 1521 1074 1570 et
1100 1512 1399 1588 unguebat
1418 1529 1683 1588 unguen-

762 1614 841 1663 to.

683 1695 846 1755 XXI.
888 1696 1004 1757 Pro
1033 1697 1204 1757 Ponit
1233 1698 1572 1775 parabulam
1594 1717 1684 1757 se-

762 1792 1035 1850 minantis
1103 1802 1161 1852 et
1231 1792 1497 1869 adaperit
1549 1810 1684 1852 earn

764 1884 1063 1962 discipulis
1107 1896 1167 1945 et
1209 1884 1684 1945 Annuntiabatur

762 1978 815 2037 ei
851 1988 1040 2038 mater
1077 1989 1136 2038 et
1172 1978 1377 2039 fratres
1414 1980 1539 2038 eius
1581 1980 1683 2057 qui

762 2070 900 2131 foris
930 2082 1099 2131 stant.

681 2938 876 2997 XXII.
939 2937 1018 2996 Et
1073 2937 1399 2996 dormiente
1460 2936 1556 2995 ihu
1613 2938 1674 2995 in

759 3031 1028 3091 nauicula
1055 3031 1208 3091 facta
1239 3040 1328 3089 est
1361 3040 1676 3107 tempestas

758 3138 815 3185 et
849 3134 1090 3204 rogatus
1125 3144 1161 3184 a
1199 3124 1495 3204 discipulis
1534 3144 1674 3184 con-

757 3221 964 3298 piscuit
989 3239 1152 3280 mare
1180 3230 1239 3280 et
1268 3219 1435 3279 siluit.

676 3314 904 3374 XXIII.
951 3313 1024 3372 In
1067 3314 1309 3390 regione
1350 3313 1675 3390 gerassino-

756 3426 888 3466 rum
944 3407 1101 3484 legio
1156 3407 1386 3484 rogauit
1437 3406 1560 3466 ihm
1614 3416 1678 3464 ut

756 3511 1121 3561 transeuntes
1160 3500 1234 3560 de
1272 3500 1510 3560 homine
1544 3511 1678 3559 eant

755 3596 816 3653 in
845 3612 1077 3672 porcos).

740 3849 968 3901 XVIIII.
1024 3849 1083 3897 in
1127 3864 1288 3898 unum
1332 3864 1444 3898 cum
1476 3856 1675 3913 praece-

676 3916 816 3966 dente
853 3915 945 3965 sub
980 3930 1191 3965 numero
1222 3914 1431 3964 XVIIII
1464 3922 1675 3979 compre·

676 3982 850 4032 hendit
871 3981 936 4044 Q,
958 3980 1049 4029 sub
1069 3996 1279 4029 menum
1300 3980 1484 4029 XVIII
1507 3995 1624 4030 aur.

742 4046 845 4096 XX
881 4046 1118 4107 (XVIIII
1148 4044 1205 4094 in
1237 4045 1327 4108 G).
1361 4045 1458 4094 inc.
1483 4045 1570 4094 ubi
1603 4062 1676 4096 re·

677 4111 927 4163 cumbenti
950 4110 1033 4160 iliu
1055 4118 1140 4160 etc.
1166 4112 1230 4161 G.
1297 4111 1350 4160 in
1373 4111 1578 4159 domum
1609 4110 1672 4173 Q.

675 4194 771 4229 om.
788 4179 1065 4235 quaedam
1083 4177 1148 4225 G.
1199 4177 1481 4240 >ingressa
1498 4176 1676 4226 mulier

676 4245 742 4294 G.
809 4242 1042 4293 lacrimas
1068 4242 1132 4291 G.
1200 4246 1323 4292 eim
1348 4278 1359 4290 .
1398 4279 1411 4292 .
1449 4278 1463 4292 .
1497 4246 1672 4292 oscul.

673 4325 767 4359 om.
785 4308 848 4357 G.
905 4311 1223 4365 unguebat:
1246 4323 1341 4357 om.
1358 4308 1429 4371 Q;
1452 4308 1593 4357 unxit
1608 4308 1672 4357 G.

739 4373 883 4423 XXI.
920 4386 956 4423 4-
970 4373 1059 4422 ubi
1074 4372 1146 4421 ad
1156 4373 1274 4421 init.
1294 4373 1359 4423 G.
1403 4376 1674 4431 proponit

689 4453 725 4490 4-
739 4441 832 4488 dns
853 4455 970 4488 aar.
1019 4438 1176 4502 aperit
1193 4438 1319 4488 ffG.
1366 4441 1503 4489 diso.
1522 4451 1558 4488 ÷
1572 4439 1674 4488 suis

671 4505 781 4569 t-PQ
794 4520 910 4554 aur.
978 4503 1299 4553 nuntiabatur
1322 4503 1447 4567 ffQ,
1479 4505 1672 4553 nuntia-

673 4571 850 4620 bantur
863 4585 1001 4630 aar„
1017 4570 1222 4618 ·tiantur
1238 4569 1302 4619 G.
1358 4573 1441 4619 ei:
1466 4576 1515 4619 et
1527 4570 1673 4633 lapsu

673 4636 740 4686 D.
808 4634 982 4685 fratres
996 4635 1072 4684 sui
1089 4634 1206 4683 soris
1222 4640 1406 4685 stantes
1424 4635 1489 4687 G.
1555 4635 1673 4698 quia

671 4701 704 4753 s.
728 4708 914 4751 starent
934 4716 1050 4750 aur.

738 4766 911 4815 XXII.
956 4766 1044 4815 ubi
1074 4763 1325 4815 dormiens
1356 4766 1409 4815 in
1441 4765 1674 4816 nauicula

671 4832 917 4883 excitatus
936 4848 968 4881 a
993 4830 1250 4907 discipulis
1279 4847 1426 4896 conp.
1460 4839 1670 4896 tempes-

673 4905 777 4948 tate
799 4905 847 4947 et
873 4912 1007 4945 mare
1022 4905 1071 4945 et
1090 4896 1167 4945 srl.
1188 4898 1266 4946 ita
1283 4896 1346 4946 G.
1414 4913 1507 4946 om.
1528 4903 1588 4946 et
1603 4898 1677 4945 ad

671 4964 790 5014 init.
821 4979 938 5011 aur.
1002 4977 1099 5011 om.
1125 4963 1223 5011 'eat
1258 4978 1374 5012 aur.
1441 4977 1602 5020 oonp.
1618 4977 1656 5015 4-

673 5035 875 5078 uentum
898 5034 946 5078 et
967 5044 1084 5076 aur.
1151 5043 1244 5077 om.
1270 5034 1329 5078 et
1350 5031 1513 5077 siluit
1534 5045 1651 5077 aur.

738 5095 805 5143 ln
885 5093 1087 5153 XXIII,
1165 5094 1395 5154 XXIIII,
1473 5094 1668 5155 XXVI,

670 5156 923 5221 XXVIII,
959 5171 994 5208 «ι-
1010 5160 1096 5208 ubi
1116 5158 1189 5206 ad
1207 5159 1322 5208 init.
1341 5160 1405 5210 G.

736 5224 938 5274 XXIII.
972 5224 1484 5281 haim-daemonum
1519 5225 1585 5285 G,
1623 5232 1672 5276 ct

677 5298 731 5345 >
743 5290 1040 5339 daemonum
1055 5288 1191 5353 legio
1205 5289 1279 5350 ΞΡ,
1293 5289 1670 5341 daemoniorum

670 5355 805 5419 legio
835 5371 956 5405 aur.
1021 5362 1166 5419 rogat
1198 5355 1356 5419 §PGQ
1377 5372 1492 5405 aur.
1560 5373 1670 5406 exe-

670 5428 809 5470 untes
844 5421 945 5535 GGQ
965 5436 1083 5470 aur.
1161 5427 1326 5470 eant:
1371 5422 1497 5471 irent
1534 5438 1671 5480 aur„

669 5489 848 5536 intrent
927 5525 938 5536 .

1830 683 2357 747 SECUNDUM
2394 685 2737 746 LUCAM.

2115 855 2152 904 J
2174 851 2462 919 (capitula).

3763 687 3886 768 283

3009 854 3060 902 K
3078 855 3234 903 Harl.
3263 864 3391 917 2790
3408 854 3574 903 Nanc.
3592 855 3772 905 Bamh.

1787 1133 1920 1193 XX.
1971 1132 2091 1193 Ubi
2145 1134 2207 1192 in
2262 1133 2446 1194 domo
2501 1132 2788 1212 pharisaei
2888 1134 3148 1193 XVIIII.
3177 1133 3296 1195 Ubi
3313 1135 3495 1213 pedes
3510 1135 3612 1195 ihu
3634 1134 3887 1196 lacrimis

1868 1227 2074 1286 mulier
2112 1228 2408 1304 peccatrix
2448 1229 2631 1306 pedes
2662 1228 2787 1288 iesu

1869 1321 2039 1380 unxit
2059 1330 2362 1397 unguento
2380 1332 2438 1381 et
2458 1322 2533 1380 de
2555 1321 2787 1382 duobus

1868 1416 2080 1493 quibus
2150 1415 2414 1474 debitum
2483 1416 2786 1475 dimissum

1869 1519 1972 1568 est.

1788 1698 1952 1757 XXI.
1991 1697 2111 1757 Ubi
2139 1697 2512 1775 praedicabat
2540 1716 2787 1777 regnum

1869 1792 1963 1851 dei
2020 1810 2154 1852 cum
2219 1792 2517 1869 discipulis
2585 1805 2643 1853 et
2712 1793 2787 1852 de

1867 1886 2090 1946 semine
2107 1887 2271 1946 uerbi
2288 1886 2383 1947 dei
2406 1888 2567 1966 quod
2584 1888 2787 1948 cecidit

1867 1981 1927 2039 in
1957 1990 2168 2040 terram
2196 1982 2415 2041 bonam
2444 1992 2501 2040 et
2528 1983 2763 2043 malam.

1784 2449 1985 2510 XXII.
2026 2450 2118 2510 De
2160 2451 2396 2511 lucerna
2438 2452 2547 2511 sub
2582 2452 2784 2513 modio

1863 2556 1922 2606 et
1957 2547 2074 2613 ubi,
2097 2557 2282 2606 mater
2315 2546 2441 2607 eius
2481 2556 2539 2606 et
2579 2546 2782 2607 fratres

1865 2640 2222 2716 quaerebant
2253 2658 2393 2700 eum
2430 2651 2489 2700 et
2519 2641 2618 2701 ubi
2646 2641 2780 2701 dor-

1864 2735 1969 2793 mit
1992 2735 2051 2792 in
2073 2734 2216 2793 mari
2238 2746 2293 2793 et
2316 2735 2563 2812 imperat
2585 2747 2780 2795 uento.

2970 1229 3179 1288 mulier
3208 1229 3434 1306 rigauit.

2890 1705 3023 1765 XX.
3102 1706 3196 1767 De
3260 1708 3525 1768 doctrina
3593 1709 3887 1768 seminum

2970 1820 3217 1878 eamque
3259 1803 3535 1880 apostolis
3580 1804 3699 1864 suis
3747 1822 3887 1880 ape-

2970 1895 3124 1955 riens
3180 1897 3252 1955 de
3308 1897 3608 1957 lucernam
3662 1897 3757 1957 uel
3812 1898 3887 1958 de

2970 1999 3153 2049 matre
3202 1990 3279 2050 ad
3324 2009 3461 2052 eum
3505 1991 3887 2070 fratribusque

2968 2084 3347 2143 uenientium.

2886 2936 3054 2995 XXI.
3098 2936 3191 2996 De
3218 2937 3629 3014 tranquillitate
3656 2940 3852 2998 maris,

3536 3040 3567 3071 θ

1781 3310 2011 3370 XXIII.
2069 3311 2142 3369 In
2187 3312 2426 3387 regione
2471 3329 2782 3389 geraseno·
2888 3313 3087 3374 XXII.
3116 3314 3209 3374 De
3232 3314 3625 3374 daemoniaco
3644 3313 3888 3374 liberato

1861 3424 1993 3464 rum
2063 3406 2358 3483 legionem
2427 3406 2782 3468 daemonum

1862 3500 1994 3559 eicit
2015 3500 2116 3577 qui
2135 3501 2434 3559 introierat
2460 3501 2522 3558 in
2549 3519 2780 3578 porcoS.

2824 5461 2829 5472 -
2821 4631 2833 5444 —-—-.--..---—-———-—.-.-——-

2967 3410 3026 3468 in
3057 3419 3207 3468 terra
3232 3426 3660 3486 gerasenorum.

2949 3846 3175 3897 XVIIII.
3213 3846 3409 3896 mulieri
3431 3846 3595 3896 Nanc-

2948 3913 3066 3962 XX.
3122 3915 3414 3969 aperiens:
3488 3912 3648 3977 aperit
3718 3911 3884 3962 ihesus

2884 3976 3094 4042 (semper
3114 3979 3260 4043 plene
3291 3979 3412 4038 scr.)
3448 3978 3612 4027 Nunc.
3647 3980 3722 4026 ad
3752 3992 3884 4027 eum

2882 4047 3266 4103 &utribusque
3300 4046 3654 4093 uenientium
3688 4043 3747 4092 in
3776 4049 3882 4107 cap.

2884 4109 3013 4159 XXI
3024 4110 3177 4173 ponit
3196 4109 3361 4160 Nanc.
3375 4116 3489 4174 post
3508 4112 3696 4159 maris.
