4717 6400
1002 677 1126 728 122

1000 832 1237 897 iterum
1288 841 1514 898 autern
1575 830 1740 894 exiit
1798 829 1969 894 circa
2020 835 2283 920 sextam
2337 833 2405 888 et

1086 956 1332 1001 nonam
1363 934 1598 999 horam
1629 942 1697 998 et
1728 932 1882 998 fecit
1911 930 2211 996 similiter

957 1041 1171 1107 ⁰circa
1201 1039 1618 1105 undecimam
1659 1058 1818 1102 uero
1847 1036 2014 1099 exiit
2059 1045 2124 1099 et
2156 1032 2406 1098 inuenit

1087 1144 1251 1211 alios
1286 1153 1540 1208 stantes

1000 1260 1068 1314 et
1112 1249 1272 1313 dicit
1318 1247 1447 1311 illis
1493 1244 1653 1330 quid
1697 1244 1804 1309 hic
1859 1243 2051 1308 statis
2102 1252 2248 1306 tota
2296 1239 2407 1306 die

1087 1353 1332 1418 otiosi?

954 1464 981 1507 Ἰ
1000 1458 1223 1523 dicunt
1255 1455 1315 1519 ei
1347 1454 1503 1537 quia
1532 1472 1728 1517 nemo
1760 1472 1882 1515 nos
1910 1450 2232 1516 conduxit

999 1558 1161 1623 dicit
1191 1554 1318 1620 illis
1348 1555 1439 1618 ite
1476 1564 1542 1618 et
1574 1572 1695 1616 uos
1729 1552 1795 1615 in
1828 1550 2107 1614 uineam.

958 1664 985 1704 ⁸
1006 1659 1179 1725 Cum
1208 1679 1354 1723 sero
1384 1665 1609 1721 autem
1642 1655 1890 1721 factum
1922 1661 2095 1718 esset

1003 1765 1165 1830 dicit
1200 1762 1506 1827 dominus
1537 1760 1770 1824 uineae
1799 1757 2206 1842 procuratori
2243 1777 2366 1820 suo

1004 1888 1172 1932 uoca
1202 1865 1538 1950 operarios

1002 1979 1072 2035 et
1104 1970 1307 2034 redde
1336 1967 1461 2032 illis
1493 1967 1863 2031 mercedem

1004 2074 1321 2158 incipiens
1366 2094 1408 2136 a
1451 2070 1827 2135 nouissimis
1877 2088 2087 2152 usque
2137 2068 2224 2133 ad
2278 2068 2410 2150 pri-

1094 2198 1239 2241 mos

1601 660 1669 719 E
1675 657 1780 718 UA
1792 656 1870 718 N
1868 654 2102 720 GELI
2103 651 2248 714 ΗΜ
2282 641 2802 715 SECUNDUM
2841 645 2977 708 MA
2996 640 3402 706 TTHEUM

3679 637 3825 729 [XX.
3845 665 4009 719 5-14.

2599 828 2996 904 acceperunt
3025 815 3322 900 singulos
3352 814 3659 880 denarios

2528 935 2582 977 1⁰
2600 924 2939 988 uenientes
2961 931 3186 985 autem
3217 929 3285 983 et
3306 918 3503 1002 primi
3533 917 3831 983 arbitrati
3855 926 4008 981 sunt

2686 1026 2868 1111 quod
2901 1025 3052 1110 plus
3087 1032 3303 1088 essent
3333 1022 3665 1104 accepturi

2598 1139 2993 1215 acceperunt
3023 1139 3247 1193 autern
3284 1138 3351 1192 et
3382 1127 3507 1211 ipsi
3553 1124 3848 1209 singulos
3891 1124 4008 1188 de-

2685 1235 2909 1299 narios

2528 1348 2581 1388 11
2599 1350 2666 1404 et
2709 1338 3109 1422 accipientes
3157 1335 3659 1398 murmurabant
3695 1333 4009 1397 aduersus

2683 1451 2945 1525 patrem
2974 1438 3257 1503 familias
3276 1436 3331 1475 ¹²
3364 1439 3661 1503 dicentes

2598 1546 2668 1610 hi
2696 1543 3036 1610 nouissimi
3075 1563 3205 1607 una
3235 1541 3400 1605 hora
3430 1540 3725 1606 fecerunt

2601 1658 2668 1713 et
2698 1670 2893 1734 pares
2922 1647 3072 1712 illos
3103 1647 3295 1711 nobis
3326 1646 3537 1710 fecisti

2600 1754 2711 1837 qui
2743 1752 3153 1837 portauimus
3182 1752 3444 1834 pondus
3475 1749 3607 1813 diei
3638 1758 3706 1812 et
3730 1757 3952 1811 aestus

2530 1866 2586 1906 1³
2603 1867 2675 1923 at
2706 1856 2817 1922 ille
2846 1856 3251 1939 respondens
3284 1854 3396 1917 uni
3427 1874 3657 1918 eorum
3690 1852 3866 1917 dixit

2602 1964 2814 2030 amice
2845 1983 2976 2027 non
3007 1961 3176 2027 facio
3206 1961 3328 2024 tibi
3360 1959 3660 2024 iniuriam

2602 2087 2821 2132 nonne
2848 2086 2939 2129 ex
2968 2063 3238 2129 denario
3269 2062 3636 2128 conuenisti
3670 2063 3975 2127 mecum?

2525 2177 2586 2217 14
2603 2170 2768 2235 tolle
2798 2172 2981 2254 quod
3012 2181 3203 2234 tuum
3233 2177 3334 2232 est
3364 2178 3435 2233 et
3465 2167 3636 2231 uade

2606 2274 2762 2339 uolo
2810 2284 3035 2339 autem
3089 2282 3158 2338 et
3217 2272 3372 2335 huic
3432 2272 3795 2337 nouissimo
3852 2272 4013 2337 dare

2693 2378 2864 2442 sicut
2894 2388 2962 2443 et
2992 2377 3113 2442 tibi

961 2300 1156 2346 ocum
1202 2276 1535 2342 uenissent
1582 2294 1740 2356 ergo
1777 2272 1890 2354 qui
1935 2273 2109 2337 circa
2145 2271 2411 2336 undeci-

1095 2401 1275 2445 mam
1306 2380 1542 2443 horam
1578 2384 1897 2440 uenerant

1005 2586 1028 2621 ⁸
1043 2585 1261 2646 exiiens
1290 2592 1484 2644 autem
1510 2592 1570 2642 et
1597 2582 1756 2642 circa
1782 2580 1990 2640 horam
2016 2581 2408 2640 undecimam.
2467 2581 2692 2642 inuenit
2729 2583 2876 2643 alios
2913 2593 3132 2642 stantes
3158 2582 3220 2640 in
3249 2580 3378 2641 foro
3405 2583 3630 2643 otiosos
3657 2591 3716 2641 et
3743 2581 3886 2641 dixit
3911 2580 4013 2641 eis.

1004 2679 1144 2758 quid
1171 2678 1266 2738 hic
1292 2679 1457 2739 statis
1483 2686 1608 2736 tota
1635 2676 1728 2734 die
1757 2675 1944 2734 otiosi.
2006 2674 2120 2734 ‘'ad
2148 2674 2230 2733 illi
2258 2674 2531 2735 dixerunt
2560 2677 2631 2735 ei.
2694 2677 2830 2754 quia
2863 2694 3042 2736 nemo
3072 2694 3185 2737 nos
3212 2676 3510 2736 conduxit.
3569 2676 3707 2736 dicit
3732 2677 3818 2735 eis
3845 2676 3924 2734 ite
3955 2684 4015 2734 et

1004 2792 1116 2835 uos
1149 2772 1473 2850 operamini
1508 2771 1570 2829 in
1612 2772 1848 2829 uineam
1885 2786 2098 2828 meam.
2163 2779 2221 2828 et
2254 2768 2416 2846 quod
2451 2770 2670 2829 iustum
2705 2781 2792 2831 est
2828 2771 3140 2848 accipietis.
3200 2771 3222 2804 ⁸
3243 2788 3381 2829 cum
3411 2788 3544 2830 sero
3571 2781 3767 2830 autem
3796 2769 4014 2830 factum

1004 2878 1159 2928 esset
1187 2867 1326 2927 dicit
1353 2866 1628 2926 dominus
1666 2865 1875 2923 uineae
1914 2864 2280 2940 procuratori
2318 2881 2446 2923 suo.
2523 2883 2679 2925 noca
2706 2866 3003 2943 operarios
3029 2875 3089 2925 et
3126 2864 3303 2925 redde
3332 2864 3445 2923 illis
3472 2864 3804 2925 mercedem
3832 2882 4015 2923 snam.

1004 2962 1288 3039 incipiens
1317 2978 1353 3019 a
1379 2959 1728 3019 nouissimis.
1774 2975 1962 3034 usque
1989 2957 2066 3015 ad
2096 2957 2334 3034 primos
2396 2958 2420 2992 ⁸
2437 2976 2571 3017 cum
2601 2960 2899 3019 uenissent
2925 2977 3069 3036 ergo
3097 2959 3197 3036 qui
3226 2959 3381 3017 circa
3407 2957 3781 3017 undecimam
3810 2958 4017 3017 horam

1004 3065 1305 3116 uenerant.
1365 3062 1720 3131 acceperunt
1746 3051 2009 3128 singulos
2040 3051 2328 3111 denarios.
2388 3048 2433 3085 ¹⁰
2449 3053 2753 3112 uenientes
2789 3062 2986 3112 autem
3016 3061 3074 3112 et
3106 3052 3295 3129 primi.
3356 3052 3612 3111 arbitrati
3643 3062 3792 3111 sunt.
3854 3051 4017 3130 quod

1007 3151 1139 3230 plus
1185 3159 1381 3210 essent
1435 3147 1747 3227 accepturi.
1826 3155 2183 3224 acceperunt
2239 3154 2434 3207 autem
2489 3156 2549 3206 et
2603 3147 2714 3225 ipsi
2769 3146 3031 3224 singulos
3085 3145 3374 3206 denario&
3461 3142 3503 3178 ¹¹
3520 3155 3578 3205 et
3641 3146 4015 3224 accipientes.

1005 3245 1451 3305 murmurabant
1487 3242 1801 3301 aduersum
1835 3248 2061 3316 patrem
2099 3239 2366 3299 familias,
2429 3238 2475 3272 ¹²
2495 3241 2771 3301 dicentes
2836 3241 2897 3301 hi
2940 3241 3264 3300 nouissimi.
3323 3258 3443 3299 una
3483 3238 3631 3300 hora
3663 3240 3923 3301 fecerunt
3959 3250 4018 3301 et

1007 3356 1179 3418 pares
1228 3337 1360 3396 illos
1403 3336 1577 3396 nobis
1621 3334 1807 3394 fecisti
1856 3333 1958 3410 qui
2003 3334 2367 3410 portauimus
2411 3334 2645 3411 pondus
2682 3335 2797 3394 diei
2849 3344 2907 3393 et
2955 3346 3165 3393 aestus
3211 3331 3255 3366 ¹³
3271 3344 3332 3394 at
3372 3333 3467 3392 ille
3509 3334 3875 3410 respondens
3915 3336 4018 3394 uni

1007 3449 1216 3494 eorum
1256 3431 1418 3491 dixit.
1476 3430 1679 3489 amice.
1739 3444 1862 3486 non
1905 3427 2008 3486 tibi
2065 3426 2216 3487 facio
2263 3427 2548 3486 iniuriam.
2612 3448 2735 3489 non
2778 3447 2851 3488 ne
2893 3429 3197 3487 denarium
3240 3427 3505 3506 placuisti
3546 3444 3780 3488 mecum
3820 3426 3864 3461 ¹⁴
3882 3429 4018 3488 tolle

1015 3640 1261 3699 >horam
1293 3654 1478 3690 nonam
1512 3638 1655 3702 Qv*.
1722 3654 1817 3688 om.
1852 3642 1911 3686 et
1948 3638 2085 3688 feeit
2127 3636 2202 3686 ΞΡ.
2271 3636 2409 3687 simi-

1008 3720 1194 3770 militer
1214 3719 1277 3779 V,
1302 3716 1553 3768 similliter
1574 3716 1633 3765 L.

1076 3796 1123 3847 6.
1158 3797 1341 3847 ciream
1385 3794 1480 3845 0¹⁸¹.
1563 3792 1916 3843 hundecimam
1959 3792 2024 3853 C,
2071 3791 2301 3842 undecim
2346 3792 2408 3849 Ε,

2680 3652 2826 3705 9-23.
2851 3640 2921 3688 In
2943 3638 3174 3689 uersibus
3193 3638 3276 3687 his
3298 3639 3463 3688 multa
3485 3638 3543 3687 in
3561 3636 3605 3685 L
3619 3635 3718 3685 nix
3732 3641 3826 3685 aut
3841 3650 3904 3684 ne
3920 3634 4018 3683 uia·

2615 3718 2816 3782 quidem
2840 3718 2942 3781 legi
2949 3724 3178 3781 possunt.

2682 3815 2729 3863 9.
2763 3815 2916 3864 quum
2960 3799 3022 3849 Θ.
3090 3814 3254 3858 ercoe
3298 3805 3468 3849 autem
3511 3798 3622 3861 EQ.
3691 3796 3912 3845 uenisent
3955 3793 4018 3844 L.

1011 3888 1106 3925 -κι-
1130 3875 1196 3927 R.
1263 3888 1401 3923 uero
1416 3887 1452 3924 -ι-
1468 3873 1642 3922 horam
1667 3871 1730 3921 R.
1795 3874 2020 3922 inuenit
2041 3867 2244 3934 (εὖρεν)ι
2283 3869 2412 3919 uidit

1011 3952 1088 4003 R*
1106 3951 1254 4017 (corr.
1267 3951 1421 4011 R·⁰·).
1473 3948 1621 3999 allios
1643 3947 1710 3999 K.
1758 3947 2000 3998 εἴπως’*
2018 3947 2080 3997 V.
2131 3947 2261 3997 dixit
2284 3947 2410 3996 MR.

1016 4030 1241 4090 >otiosi
1270 4036 1382 4080 tota
1410 4028 1492 4079 die
1524 4028 1586 4076 R.
1653 4025 1842 4077 hotiosi
1865 4026 1923 4086 C,
1949 4025 2107 4076 ociosi
2132 4025 2274 4075 HW.
2340 4026 2410 4075 In

1010 4110 1056 4159 L
1076 4108 1249 4159 omnia
1273 4108 1345 4156 sic
1372 4105 1764 4171 confunduntur
1784 4103 1974 4154 inuenit
1999 4102 2128 4153 alios
2149 4108 2338 4152 stantes
2358 4110 2411 4153 et

1010 4187 1135 4238 dicit
1157 4186 1262 4235 illis
1284 4185 1404 4250 quid
1428 4184 1511 4233 bic
1534 4182 1677 4233 statis
1698 4188 1808 4232 tota
1828 4182 1911 4231 die
1930 4180 2065 4231 cirea
2094 4180 2410 4230 undecimam

1010 4280 1132 4316 uero
1154 4264 1276 4315 exiit
1296 4271 1349 4314 et
1372 4264 1424 4313 in
1446 4261 1611 4312 otiosi.

1079 4354 1125 4408 7.
1158 4357 1252 4392 om.
1277 4344 1331 4391 oi
1355 4340 1413 4389 L.
1470 4339 1703 4389 conducit
1718 4335 1795 4386 R*
1812 4334 1958 4401 (corr.
1975 4335 2125 4401 ΚΝ).
2183 4339 2413 4386 uincam

1013 4420 1224 4487 (niniam
1247 4418 1315 4483 R)
1334 4418 1443 4468 sine
1457 4417 1614 4466 addit.
1627 4415 1757 4465 codd.
1771 4415 1848 4481 pl.
1867 4421 1915 4464 ct
1933 4412 1992 4477 ᾖ
2010 4428 2123 4461 cum
2146 4414 2249 4480 cff1
2275 4429 2325 4462 m
2347 4430 2409 4478 q:

1024 4514 1241 4552 *meam
1280 4489 2042 4558 BEff-ooLOQRwaffth
2075 4507 2189 4540 cum
2219 4492 2415 4556 graecis

1012 4578 1193 4629 multis
1221 4583 1269 4627 et
1300 4582 1421 4626 καί.
1487 4573 1683 4623 Deinde
1709 4571 1879 4637 pergit
1905 4571 1953 4619 T
1975 4578 2027 4620 et
2059 4569 2195 4634 quod
2228 4571 2413 4620 iustum

1010 4656 1155 4707 fuerit
1171 4656 1308 4705 dabo
1323 4652 1469 4703 uobis
1482 4667 1595 4701 cum
1612 4666 1715 4716 qr.
1730 4665 1837 4699 cur.
1855 4657 1902 4699 et
1913 4648 2101 4699 hiem.
2119 4655 2237 4713 copt.
2260 4648 2411 4713 (codd.

1016 4736 1067 4799 ο)
1091 4733 1218 4783 aeth.
1239 4731 1407 4781 arabb.
1429 4737 1477 4780 et
1496 4736 1627 4779 auct.
1647 4736 1721 4793 op.
1747 4726 1891 4792 imps.
1913 4727 1973 4776 in
2002 4726 2155 4775 Mati.
2180 4725 2308 4775 hom,
2336 4740 2414 4789 34.

1011 4819 1094 4877 ap.
1140 4812 1309 4860 Sabat.
1323 4826 1349 4870 ;
1390 4826 1434 4859 e.
1457 4826 1505 4875 q.
1528 4810 1563 4858 i.
1587 4808 1620 4858 f.
1655 4806 1911 4870 accipietis
1928 4805 1980 4871 f
1993 4803 2112 4870 (est)
2139 4804 2173 4852 h
2197 4820 2229 4869 q
2251 4805 2279 4851 δ
2300 4820 2414 4853 cum

1005 4890 1201 4956 graecis
1211 4888 1355 4953 plur.

1082 4970 1127 5018 8.
1163 4982 1317 5033 quum
1334 4965 1397 5015 Θ.
1461 4972 1511 5020 >
1527 4969 1694 5013 antem
1715 4976 1825 5012 sero
1847 4961 1960 5024 OQ.
1988 4967 2043 5016 >
2061 4965 2229 5010 antem
2250 4974 2413 5010 serum

1015 5047 1078 5097 R.
1142 5061 1237 5096 om.
1258 5046 1475 5095 factum
1498 5043 1544 5091 T
1564 5041 1652 5092 sed
1667 5057 1767 5091 ras.
1790 5047 1862 5089 est
1878 5045 1993 5104 post
2019 5043 2169 5088 met
2190 5037 2325 5103 quod
2342 5036 2416 5086 bis

1011 5126 1256 5189 scriptum
1300 5123 1522 5172 uidetur.
1585 5120 1765 5170 facsset
1810 5116 1880 5166 L*
1920 5117 2047 5181 (tum
2093 5133 2122 5167 e
2168 5116 2227 5165 in
2273 5114 2414 5180 ruga).

1014 5206 1159 5254 dicit
1191 5203 1329 5251 inter
1361 5200 1455 5249 lin.
1492 5199 1555 5250 Ο.
1622 5197 1787 5247 uiniae
1820 5196 1927 5256 LR,
1970 5196 2115 5245 uinee
2148 5195 2232 5246 W.
2300 5209 2416 5258 pro·

1013 5280 1227 5332 curaturi
1252 5279 1309 5328 E.
1376 5292 1483 5327 auo
1506 5276 1819 5341 improbauit
1838 5274 1969 5324 R·⁰·.
2035 5271 2329 5338 hoperti-ios
2350 5270 2413 5321 C.

1014 5360 1190 5407 redde
1210 5373 1223 5406 ε
1266 5355 1406 5406 trade
1443 5356 1481 5405 J
1486 5353 1553 5403 Z*
1589 5354 1734 5418 (corr.
1775 5351 1872 5418 2⁴).
1945 5351 2212 5403 mercidem
2259 5349 2411 5400 ELR.

1014 5434 1082 5483 ha
1104 5434 1166 5485 C.
1233 5433 1502 5483 nouissimo
1525 5433 1585 5484 E.
1649 5432 1837 5496 busque
1860 5430 1919 5480 C.

2614 3876 2966 3927 hundecimam
2999 3876 3063 3938 C,
3104 3887 3307 3925 -xbmm
3341 3877 3405 3926 R.
3470 3892 3613 3926 oram
3645 3876 3710 3925 T.
3778 3879 4019 3924 uenerunt

2615 3954 2896 4020 EH(quasi
2916 3954 3194 4020 -riant)X⁰;
3242 3962 3343 4005 ÷et
3366 3954 3429 4005 O.
3497 3969 3531 4019 9
3551 3960 3601 4002 et
3628 3965 3703 4001 10.
3735 3953 4019 4016 acciperunt

2615 4032 2690 4081 bis
2712 4032 2831 4094 ΕΞΡ,
2865 4031 3169 4096 accipiemnt
3190 4032 3265 4080 bis
3287 4033 3343 4081 B.
3410 4031 3716 4095 accipiet-unt
3740 4066 3754 4079 .
3780 4066 3794 4079 .
3818 4066 3832 4080 .
3855 4028 4018 4093 accip·

2614 4121 2757 4160 erunt
2783 4111 2846 4161 R.

2686 4201 2763 4239 10.
2795 4203 2890 4238 om.
2926 4192 2985 4238 et
3012 4195 3101 4253 pr.
3137 4187 3267 4237 RW.
3335 4189 3499 4245 plus:
3544 4184 3765 4250 amplius
3798 4185 3852 4234 J.
3921 4199 4018 4235 om.

2615 4272 2809 4317 autem
2851 4281 2938 4316 sec.
2984 4265 3092 4316 LR.
3157 4271 3216 4316 et
3259 4268 3371 4323 ipsi
3420 4265 3516 4314 int.
3557 4264 3653 4313 lin.
3695 4264 3775 4324 V;
3820 4269 3872 4312 et
3914 4262 4020 4326 ipse

2617 4345 2689 4404 H,
2713 4352 2766 4394 et
2788 4345 2911 4409 ipsis
2931 4343 3025 4394 0¹⁸¹.

2686 4435 2763 4473 11.
2800 4423 3148 4488 accipieientes
3171 4421 3231 4472 L.
3290 4422 3553 4472 aduersum
3579 4418 3813 4480 H*Tz*;
3848 4425 4022 4469 contra

2616 4501 2676 4551 F.
2742 4500 3157 4566 patremfamilias
3178 4515 3281 4549 uno
3303 4500 3450 4549 uerbo
3470 4500 3504 4548 J
3511 4499 3560 4548 Y
3575 4513 3656 4562 vg.

2688 4592 2764 4628 12.
2798 4578 3018 4628 dicen⁸ee
3031 4578 3112 4626 Μ’.
3169 4576 3241 4626 hii
3260 4572 3850 4628 BCESPHLmev.
3905 4587 4021 4623 una

2615 4661 2758 4708 hora
2777 4657 2909 4707 codd.
2916 4657 3034 4722 sere
3053 4670 3217 4706 omnes
3241 4654 3350 4720 (ora
3369 4654 3438 4719 T)
3462 4662 3511 4705 et
3530 4669 3609 4718 vg.
3631 4668 3746 4702 cum
3769 4659 3888 4702 καί.
3903 4652 4021 4718 fere

2614 4751 2782 4787 orma:
2828 4750 2981 4785 unam
3019 4733 3194 4783 horam
3231 4731 3366 4797 (μίαν
3397 4731 3549 4797 ὤραν)
3581 4731 3734 4780 LMR
3760 4746 3832 4794 g„
3867 4745 4019 4779 unam

2616 4813 2741 4864 hora
2765 4811 2889 4862 ΗῙΘ
2916 4812 3022 4877 (sed
3045 4816 3144 4861 uni
3173 4812 3233 4860 in
3264 4826 3366 4861 ras.
3394 4809 3489 4874 H).
3563 4817 3620 4866 >
3636 4808 3782 4858 nobis
3802 4806 3923 4856 illos
3947 4805 4017 4856 H.

2617 4893 2763 4942 nonis
2794 4891 2893 4940 0⁴¹.
2959 4894 3093 4949 qui:
3126 4889 3244 4954 quia
3275 4889 3332 4938 L.
3400 4888 3596 4953 pandus
3628 4886 3707 4947 R;
3739 4886 3901 4935 honus
3935 4885 4018 4935 W.

2617 4976 2806 5021 aestua
2833 4969 2989 5034 (estus
3011 4968 3250 5032 CH’TW)
3266 4967 3395 5016 codd.
3409 4967 3486 5031 pl.
3509 4973 3558 5015 et
3576 4981 3655 5029 vg.
3673 4980 3786 5013 cum
3809 4968 3928 5013 καί.
3940 4961 4017 5027 pl.

2617 5057 2666 5099 et
2680 5050 2891 5099 Hieron.
2908 5065 2922 5098 ε
2956 5055 3144 5098 aestum
3170 5043 3281 5111 (τὸν
3296 5042 3539 5109 καύσωνα)
3558 5044 3605 5108 Q
3626 5058 3652 5092 e
3666 5043 3700 5092 Ιι
3718 5059 3755 5091 n
3776 5048 3903 5107 corp.
3918 5056 4018 5101 ox„

2618 5134 2779 5178 ectum
2803 5127 2868 5177 R.

2690 5217 2764 5266 13.
2800 5204 2867 5253 ad
2889 5203 2948 5253 C.
3016 5202 3208 5251 amicae
3231 5201 3294 5251 R.
3361 5199 3557 5250 dinatio
3580 5199 3658 5259 R;
3702 5195 3932 5248 ÷diurno
3954 5193 4016 5244 R.

2617 5282 2796 5333 uenisti
2817 5281 2925 5342 3²²¹,
2947 5295 3183 5330 commu.
3208 5279 3338 5330 EPW.

2689 5373 2766 5423 14.
2799 5362 2939 5409 tone
2962 5364 3108 5422 repet.
3135 5357 3204 5405 H.
