4717 6400
967 709 1086 786 176

1450 879 1669 930 AHVY.

1040 1002 1305 1044 saeorum
1349 985 1526 1060 panni
1565 984 1776 1044 ueteris
1819 995 1875 1044 et
1913 986 2029 1043 uini
2073 986 2166 1044 uel

1040 1080 1253 1137 utrium
1281 1079 1719 1155 comparatione
1754 1078 2042 1138 refellitur.

958 1541 1130 1600 VIII.
1171 1541 1285 1601 Pro
1330 1541 1620 1618 spicarum
1663 1542 1724 1599 in
1760 1543 2001 1600 sabbato
2040 1542 2164 1600 uul-

1041 1637 1206 1695 sione
1279 1634 1787 1713 reprehensoribus
1857 1637 2165 1714 increpatis

1041 1731 1297 1807 sequitur
1326 1748 1534 1788 manus
1561 1730 1752 1788 aridae
1781 1731 2074 1790 restitutio.

960 1824 1161 1884 VIIII.
1206 1824 1531 1883 Consilium
1556 1835 1760 1883 contra
1786 1842 1920 1883 eum
1951 1824 2166 1883 faciunt

1041 1919 1325 1995 pharisaei
1354 1919 1717 1978 deseruiente
1753 1919 1862 1977 sibi
1900 1919 2167 1979 nauicula

1040 2022 1346 2089 tangentes
1374 2029 1510 2071 eum
1550 2012 1787 2095 diuersis
1827 2012 2165 2072 infirmitati-

1041 2108 1153 2166 bus
1181 2106 1363 2184 egroti
1392 2117 1684 2165 sanantur.

962 2199 1036 2259 X.
1078 2200 1411 2260 Duodecim
1457 2200 1771 2277 discipulos
1816 2202 1891 2259 ad
1942 2202 2165 2278 praedi-

1041 2295 1295 2354 candum
1335 2295 1521 2353 uerbo
1573 2294 1817 2353 conlatis
1866 2294 2167 2355 uirtutibus

1041 2388 1210 2447 mittit
1252 2398 1310 2447 et
1350 2388 1410 2445 in
1453 2388 1772 2447 beelzebub
1815 2407 1949 2447 eum
1991 2407 2165 2465 posse

1044 2482 1302 2541 dicentes
1357 2483 1651 2559 redarguit
1706 2484 2177 2543 inremissibilem*

1043 2594 1169 2635 esse
1219 2576 1420 2636 dicens
1469 2578 1529 2635 in
1581 2577 1842 2653 spiritum
1898 2588 2164 2637 sanctum

1042 2669 1461 2746 blasphemiam
1491 2682 1548 2730 et
1581 2681 1825 2730 matrem
1865 2690 1936 2730 ac
1969 2671 2167 2731 fratres

1041 2783 1145 2823 eos
1172 2775 1348 2824 uocat
1369 2766 1471 2841 qui
1500 2765 1678 2842 patris
1699 2764 1940 2825 fecerint
1959 2767 2165 2825 uolun-

1041 2871 1234 2921 tatem.

962 3145 1067 3204 XI.
1112 3143 1351 3207 Docens
1388 3146 1663 3224 proponit
1701 3148 2037 3224 parabolam
2076 3167 2165 3208 se-

1042 3240 1317 3299 minantis
1352 3249 1410 3299 et
1450 3242 1566 3300 suis
1599 3260 1729 3300 eam
1767 3260 2028 3302 seorsum
2065 3262 2165 3302 ex·

1043 3335 1208 3412 ponit
1263 3335 1418 3395 clara
1475 3335 1939 3397 manifestatione
1995 3337 2164 3397 disci-

1044 3428 1210 3504 pulis.

964 3521 1101 3579 XII.
1149 3520 1477 3581 Lucernam
1517 3525 1625 3581 sub
1662 3524 1863 3585 modio
1900 3543 2021 3584 non
2060 3544 2166 3602 po-

1046 3616 1300 3675 nendam
1368 3616 1464 3675 uel
1534 3610 1857 3678 dormiente
1925 3619 2166 3679 homine

1045 3720 1170 3769 sata
1224 3710 1347 3769 eius
1410 3730 1668 3772 crescere
1733 3724 1791 3772 et
1849 3714 1922 3774 de
1981 3732 2167 3792 grano

1046 3804 1260 3881 sinapis
1301 3805 1456 3864 dicit.

965 4004 1135 4064 XIII.
1180 4003 1620 4082 Tempestatem
1674 4009 1854 4069 uerbo
1900 4029 2167 4087 compes-

1047 4115 1187 4156 cens
1216 4109 1274 4158 et
1303 4099 1620 4160 daemones
1657 4103 1871 4163 eiciens
1909 4104 1989 4164 ire
2028 4124 2167 4166 con-

1046 4191 1219 4251 cessit
1244 4192 1304 4250 in
1330 4211 1559 4269 porcos.

1031 4388 1099 4437 X.
1132 4403 1225 4438 om.
1248 4396 1431 4455 etpost
1452 4393 1614 4442 mittet
1639 4393 1753 4457 (sic)
1780 4393 1842 4445 Y.
1912 4395 2080 4446 fecerit
2106 4395 2168 4445 Y.

1033 4454 1127 4503 xl.
1166 4470 1420 4505 seorsum
1434 4470 1470 4507 -ι-
1484 4458 1742 4524 discipulis
1775 4460 1945 4510 Thone.

1938 710 2043 771 CA
2054 708 2396 768 PITULA
2449 709 2569 769 IN
2604 711 2674 769 E
2679 709 2785 768 UA
2796 708 3104 770 NGELI
3106 708 3250 768 UM

2483 879 2623 929 cor
2648 864 2804 928 Ha'rz.
2833 890 2975 943 2797·

2362 970 2859 1030 Murmurantibus
2962 971 3183 1029 iudaeis

2437 1064 2575 1122 dicit
2618 1082 2740 1122 non
2785 1082 2949 1123 aesse
2992 1063 3183 1140 hopus

2436 1158 2592 1217 sanis
2632 1158 2908 1218 medicus.

2353 1250 2446 1311 De
2486 1252 2732 1328 geiuniis
2766 1252 3179 1330 discipulorum

2434 1356 2492 1405 et
2520 1346 2652 1405 filiis
2680 1348 2898 1423 sponsi.

2351 1440 2444 1499 De
2474 1440 2740 1499 hutribus
2769 1452 2827 1500 et
2855 1441 3017 1500 uino.

2267 1539 2400 1593 111.
2460 1539 2561 1595 De
2685 1538 2892 1606 spicis
2927 1527 2930 1530 ’
3008 1551 3176 1605 quas

2432 1631 2753 1701 discipuli
2807 1632 3175 1689 uouebant.

2350 1723 2445 1782 De
2488 1741 2561 1782 eo
2600 1725 2699 1799 qui
2741 1741 2982 1781 manum
3024 1722 3175 1780 hari-

2436 1817 2573 1876 dam
2604 1818 2824 1876 habuit.

2351 1912 2430 1970 Et
2479 1911 2620 1969 hubi
2669 1910 2995 1970 daemones
3045 1910 3175 1968 Ihm

2436 2005 2804 2066 confitentur.

2354 2191 2688 2252 Duodecim
2777 2191 3177 2269 apostolorum

2435 2288 2691 2346 aelectio.

2352 2380 2446 2440 De
2502 2381 2862 2441 behelzebub
2918 2381 3177 2458 principe

2436 2474 2896 2535 daemoniorum.

2352 2569 2429 2629 Et
2455 2569 2694 2630 fortiore
2727 2571 2984 2647 ligando.

2352 2665 2430 2724 Et
2485 2666 2862 2742 peccantibus
2918 2666 2980 2723 in
3044 2671 3177 2742 siim

2436 2766 2562 2818 scm
2591 2778 2711 2818 non
2744 2759 2967 2818 remitti.

2269 2951 2440 3006 1111.
2484 2950 2585 3007 De
2628 2953 2844 3007 matre
2893 2955 3004 3008 aet.
3042 2952 3174 3007 sta-

2433 3045 2655 3101 tribus
2684 3044 2847 3100 eius.

2352 3134 2445 3194 De
2478 3135 2753 3213 parabola
2786 3136 3173 3196 saeminantis.

2355 3511 2694 3571 Luchernas
2721 3515 2831 3573 sub
2859 3515 3078 3574 modio.

2353 3607 2448 3666 De
2477 3608 2633 3666 bona
2661 3624 2951 3667 mensura.

2356 3700 2447 3759 De
2489 3701 2766 3778 parabola
2806 3702 3018 3762 herbae
3061 3705 3172 3779 spi-

2438 3813 2545 3854 cae
2566 3805 2625 3854 et
2644 3795 2883 3871 plenum
2903 3796 3175 3856 fructum.

2356 3888 2449 3949 De
2477 3890 2710 3967 synapis
2738 3909 2947 3967 grano.

2357 3983 2522 4043 Hubi
2568 3985 2628 4042 in
2676 3985 2812 4043 naui
2859 3986 3073 4045 dormit
3119 3996 3178 4045 et

2438 4097 2726 4154 exurgens
2852 4082 3176 4156 tempestati

2438 4174 2699 4249 imperat.

2341 4384 2413 4432 II.
2448 4382 2644 4434 medico
2661 4383 2707 4432 Θ
2727 4399 2741 4442 ;
2784 4397 2819 4432 4
2836 4384 2923 4433 sed
2940 4384 3072 4434 male
3089 4385 3175 4434 ha-

2274 4450 2507 4499 bentibus
2526 4449 2656 4500 codd.
2680 4457 2760 4513 ap.
2784 4450 2836 4499 Τ
2827 4451 2957 4500 horn.
2979 4455 3177 4509 sponsi

2289 4528 2324 4565 4-
2340 4523 2391 4563 et
2423 4515 2593 4564 Thom.

2341 4580 2440 4628 111.
2474 4581 2536 4628 de
2561 4580 2827 4630 duodecim
2846 4582 3000 4630 Harl.
3044 4588 3094 4632 et
3117 4583 3179 4631 de

2275 4644 2388 4759 sozt.
2428 4646 2599 4695 Thone.
2665 4647 2893 4712 peccanti
2927 4647 2974 4695 Θ
3006 4648 3180 4708 Harl„

2286 4712 2336 4759 T
2362 4726 2454 4759 om.

2343 4776 2467 4825 1111.
2514 4776 2577 4826 de
2633 4777 2835 4826 lucerna
2895 4776 2942 4825 Θ
3008 4778 3179 4828 Thom.

2275 4842 2429 4906 plenu
2461 4842 2619 4892 fructu
2662 4844 2712 4891 T
2705 4844 2865 4900 hom.;
2950 4842 3046 4892 leni
3084 4843 3181 4893 sru-

2276 4908 2434 4958 menti
2455 4909 2502 4958 Θ
2522 4916 2572 4958 et
2590 4909 2720 4958 codd.
2743 4915 2822 4972 ap.
2856 4909 3028 4959 Tzom.

3321 879 3358 928 J
3380 877 3589 942 (breues)
3608 878 3707 927 ΟΧ
3724 879 3849 928 Par.
3873 878 3987 927 Lat.
4014 879 4188 941 10438.

3280 1538 3389 1597 III.
3433 1537 3716 1615 Discipuli
3751 1537 3971 1597 uellunt
3999 1538 4189 1614 spicas

3361 1651 3599 1691 manum
3629 1633 3849 1691 aridam
3878 1631 4189 1692 habentem

3363 1737 3535 1786 sanat

3284 2195 3593 2254 duodecim
3615 2197 4012 2272 apostolorum
4033 2197 4186 2256 elec-

3365 2290 3448 2348 tio
3498 2288 3570 2348 de
3615 2289 3977 2350 behelzebub
4027 2291 4185 2367 prin-

3364 2384 3494 2461 cipe
3525 2383 3954 2446 demoniorum.

3279 2942 3421 3001 1111.
3458 2942 3709 3001 Matrem
3729 2953 3787 3002 et
3807 2942 4007 3011 fratres
4028 2961 4183 3019 sper-

3360 3038 3443 3096 nit
3478 3038 3814 3115 parabulam
3852 3036 4187 3096 seminantis

3360 3132 3502 3191 dicit

3280 3983 3563 4060 nauigans
3590 3992 3994 4059 tempestatem
4028 3986 4186 4045 sedet

3362 4077 3718 4137 daemonum
3773 4079 4064 4155 legionem
4108 4081 4186 4139 ab

3361 4172 3557 4232 omine
3587 4172 3838 4248 expellit.

3349 4382 3447 4432 III.
3499 4390 3554 4439 >
3601 4385 3767 4447 spicas
3809 4383 4002 4435 uellunt
4046 4385 4096 4435 X
4140 4393 4188 4435 et

3280 4450 3318 4499 J
3342 4449 3429 4498 scd
3443 4449 3629 4497 lacuna
3648 4464 3681 4497 a
3703 4464 3779 4513 sp.
3803 4466 3958 4514 usque
3979 4453 4051 4499 ad
4072 4466 4185 4501 ma-

3282 4521 3429 4564 trem
3451 4530 3490 4562 c.
3515 4515 3640 4563 IIII.
3669 4521 3861 4564 sanat:
3908 4523 4066 4580 -t-sup.
4089 4517 4187 4565 lin.

3284 4582 3550 4629 demonum
3583 4579 3826 4630 confessio
3850 4581 3935 4632 0⁰.
3997 4584 4189 4631 behel·

3285 4649 3496 4696 zebub:
3531 4646 3592 4694 be
3614 4653 3722 4709 sup.
3746 4646 3841 4694 lin.
3865 4647 3978 4696 add.
4004 4647 4088 4697 0¹.

3350 4710 3474 4759 1111.
3512 4710 3653 4759 sedat
3690 4711 3726 4760 J
3731 4711 3850 4761 O²x
3895 4714 3945 4762 T
3937 4713 4066 4762 hom.
4103 4712 4188 4762 de·

3285 4776 3504 4825 monium
3520 4777 3587 4826 Χ.
3622 4776 3823 4827 homine
3839 4780 3874 4827 J
3881 4776 3996 4828 O’x
4016 4779 4188 4828 Hom.
