4717 6400
668 684 733 733 Χ.
752 664 981 758 ²5-33·]

668 870 737 925 et
766 879 994 924 seruus
1024 858 1195 924 sicut
1223 859 1534 924 dominus
1563 860 1721 924 eius.

668 961 756 1013 (91·
775 960 848 1014 ¹⁰)
895 962 972 1028 Si
1032 973 1290 1045 patrem
1364 962 1647 1028 familias
1714 963 2078 1028 beelzebub

753 1076 1166 1133 uocauerunt

670 1180 924 1253 quanto
956 1171 1167 1253 magis
1199 1171 1602 1236 domesticos
1631 1172 1774 1236 eius

670 1295 756 1339 ne
782 1295 942 1358 ergo
972 1275 1322 1339 timueritis
1350 1296 1485 1341 eos.

1269 670 1452 733 EUA
1461 670 1537 732 N
1535 670 1769 733 GELI
1768 671 1915 733 UM
1963 670 2490 735 SECUNDUM
2533 671 2668 732 MA
2687 670 3093 737 TTHEUM
3610 689 3692 757 79

2368 860 2662 925 animam
2686 870 2755 926 et
2783 881 3023 944 corpus
3054 862 3331 945 perdere
3353 863 3418 926 in
3447 861 3693 946 gehen-

2369 985 2526 1029 nam

2205 1066 2259 1106 ²⁹
2281 1089 2499 1133 nonne
2527 1068 2663 1132 duo
2692 1088 2992 1150 passeres
3023 1090 3170 1134 asse
3200 1081 3488 1135 ueneunt
3512 1076 3540 1133 Ρ

2278 1184 2346 1238 et
2370 1193 2537 1237 unus
2568 1193 2657 1236 ex
2679 1172 2809 1236 illis
2837 1192 2971 1237 non
3002 1175 3195 1238 cadet
3224 1195 3421 1258 super
3444 1183 3689 1239 terram

2365 1277 2508 1339 sine
2539 1285 2729 1359 patre
2757 1286 2984 1341 uestro

2205 1366 2260 1405 ⁸⁰
2278 1380 2478 1445 uestri
2531 1389 2753 1444 autem
2800 1389 2872 1444 et
2915 1379 3134 1464 capilli
3178 1381 3416 1465 capitis
3460 1402 3692 1446 omnes

2364 1484 2690 1547 numerati
2722 1494 2876 1547 sunt

2205 1585 2255 1623 ³¹
2281 1587 2487 1650 nolite
2519 1607 2680 1671 ergo
2709 1587 2946 1652 timere

2280 1690 2508 1755 multis
2540 1691 2920 1774 passeribus
2950 1690 3261 1756 meliores
3292 1692 3449 1757 estis
3479 1712 3618 1757 uos.

2209 1801 2263 1841 ³²
2281 1795 2524 1862 Omnis
2554 1814 2711 1879 ergo
2734 1796 2849 1876 qui
2882 1796 3309 1861 confitebitur
3338 1816 3447 1861 me
3464 1817 3691 1862 coram

2370 1899 2751 1963 hominibus

2281 2000 2652 2067 confitebor
2704 2010 2770 2064 et
2823 2021 2948 2083 ego
3003 2020 3156 2064 eum
3217 2022 3442 2068 coram
3502 2014 3692 2087 patre

2374 2125 2523 2169 meo
2552 2104 2666 2188 qui
2696 2115 2799 2168 est
2829 2105 2898 2168 in
2928 2105 3148 2170 caelis.

2202 2208 2256 2248 ³³
2285 2209 2378 2259 (⁰4·
2398 2209 2444 2261 2)
2490 2209 2626 2294 Qui
2671 2219 2900 2274 autem
2942 2212 3280 2293 negauerit
3320 2232 3426 2275 me
3466 2231 3690 2276 coram

2374 2314 2752 2378 hominibus

599 1370 765 1428 ²⁸⁰²·
785 1377 830 1428 ²)
876 1377 1067 1443 Nihil
1127 1379 1302 1442 enim
1350 1388 1656 1463 opertum
1708 1380 1890 1462 quod
1944 1401 2077 1444 non

760 1482 1159 1547 reuelabitur

670 1596 741 1651 et
768 1585 1105 1651 occultum
1136 1585 1317 1668 quod
1347 1606 1481 1650 non
1509 1586 1771 1651 scietur.

672 1689 765 1740 (⁹³⁰
791 1688 837 1739 ⁶)
884 1689 1087 1774 Quod
1121 1690 1271 1755 dico
1301 1691 1492 1755 uobis
1530 1691 1598 1754 in
1629 1691 1921 1755 tenebris

600 1774 653 1817 ²⁷
672 1793 873 1859 dicite
900 1794 967 1857 in
1000 1793 1255 1857 lumine

671 1907 742 1963 et
763 1899 946 1980 quod
976 1898 1044 1961 in
1074 1918 1230 1962 aure
1258 1897 1502 1962 auditis

670 2003 1050 2086 praedicate
1080 2022 1278 2085 super
1304 2010 1484 2066 tecta

673 2115 743 2170 et
765 2105 970 2170 nolite
991 2106 1225 2169 timere
1246 2125 1363 2169 eos
1379 2105 1494 2187 qui
1512 2105 1822 2170 occidunt
1845 2124 2083 2188 corpus

600 2204 655 2244 ²⁸
674 2210 967 2273 animam
997 2217 1222 2272 autern
1253 2228 1388 2273 non
1420 2218 1703 2291 possunt
1733 2208 2037 2274 occidere

674 2314 794 2377 sed
838 2312 1065 2396 potius
1108 2332 1261 2376 eum
1306 2312 1543 2376 timete
1585 2313 1700 2394 qui
1746 2321 1970 2395 potest
2015 2323 2084 2379 et

676 2484 960 2563 discipulo
985 2493 1049 2542 ut
1075 2484 1149 2542 sit
1177 2483 1325 2542 sicut
1352 2485 1629 2561 magister
1655 2485 1780 2544 eius
1807 2496 1866 2544 et
1893 2502 2064 2546 seruo
2086 2487 2235 2547 sicut
2262 2486 2534 2548 dominus
2560 2486 2702 2545 eiuS.
2764 2487 2812 2545 si
2851 2494 3079 2563 patrem
3107 2484 3354 2544 familias
3393 2484 3694 2545 beelzebul

676 2587 1040 2638 uocauerunt
1069 2588 1292 2655 quanto
1319 2578 1510 2654 magis
1538 2578 1895 2639 domesticos
1922 2581 2048 2639 eius
2078 2577 2124 2612 ⁹⁸
2141 2599 2217 2640 ne
2245 2598 2390 2658 ergo
2419 2579 2721 2639 timueritis
2749 2597 2870 2638 eos.
2937 2577 3079 2636 nihil
3118 2588 3206 2638 est
3236 2580 3394 2637 enim
3421 2590 3694 2656 opertum

678 2673 840 2750 quod
861 2690 981 2732 non
1000 2671 1363 2732 reuelabitur.
1402 2683 1460 2731 et
1481 2672 1772 2732 occultum
1795 2674 1956 2751 quod
1980 2693 2103 2734 non
2120 2675 2350 2734 scietur.
2401 2675 2447 2709 ²⁷
2469 2674 2629 2753 quod
2659 2673 2789 2732 dico
2818 2672 2990 2731 uobis
3019 2673 3078 2731 in
3108 2674 3378 2732 tenebris.
3427 2673 3599 2732 dicite
3628 2674 3692 2732 in

677 2767 914 2826 lumine.
960 2776 1018 2825 et
1047 2765 1208 2843 quod
1235 2766 1295 2824 in
1325 2784 1465 2825 aure
1494 2766 1720 2826 auditis.
1776 2767 2108 2844 praedicate
2136 2786 2311 2845 super
2338 2777 2511 2828 tecta.
2568 2765 2614 2800 ¹⁸
2630 2776 2688 2825 et
2717 2765 2894 2825 nolite
2925 2767 3127 2824 timere
3155 2784 3258 2825 eos
3287 2766 3386 2843 qui
3414 2767 3691 2826 occidunt

678 2879 910 2938 corpus.
954 2861 1213 2919 animam
1231 2870 1426 2919 autem
1447 2878 1570 2920 non
1592 2870 1840 2938 possunt
1860 2861 2147 2921 occidere.
2197 2862 2303 2921 sed
2325 2862 2518 2938 potius
2539 2861 2738 2919 timete
2759 2878 2895 2919 eum
2924 2860 3025 2937 qui
3053 2869 3248 2936 potest
3270 2871 3327 2920 et
3350 2861 3610 2918 animam
3632 2873 3693 2922 et

680 2974 898 3033 corpus
924 2955 1168 3032 perdere
1195 2955 1258 3013 in
1285 2953 1635 3031 gehennam.
1693 2952 1739 2988 ²⁹
1756 2973 1956 3014 nonne
1985 2956 2134 3017 duos
2155 2974 2419 3033 passeres
2437 2973 2566 3014 asse
2593 2955 2853 3014 ueniunt.
2904 2964 2963 3012 et
2981 2972 3136 3014 unus
3156 2972 3229 3012 ex
3251 2954 3361 3013 illis
3381 2971 3503 3015 non
3520 2955 3693 3015 cadet

679 3068 857 3128 super
870 3060 1101 3109 terram.
1137 3050 1261 3109 sine
1276 3049 1579 3108 uoluntate
1595 3049 1777 3126 patris
1795 3050 1992 3110 uestri.
2030 3049 2077 3082 ³⁰
2090 3050 2267 3110 uestri
2284 3065 2479 3109 autem
2498 3059 2555 3108 et
2571 3049 2762 3126 capilli
2781 3049 2987 3126 capitis
3003 3066 3211 3109 omnes
3232 3050 3516 3107 numerati
3535 3060 3689 3108 sunt.

679 3142 721 3178 ⁸²
739 3145 919 3205 nolite
938 3162 1083 3222 ergo
1103 3143 1306 3204 timere
1326 3141 1523 3203 multis
1545 3143 1880 3220 passeribus
1902 3143 2170 3205 meliores
2190 3144 2324 3204 estis
2342 3162 2472 3205 uos.
2520 3142 2566 3177 θ’
2583 3143 2777 3204 omnis
2799 3161 2944 3221 ergo
2961 3143 3061 3221 qui
3081 3161 3176 3203 me
3196 3142 3499 3204 consessus
3522 3142 3692 3204 fuerit

678 3257 878 3300 coram
903 3239 1260 3299 hominibus,
1325 3237 1650 3297 confitebor
1675 3247 1732 3297 et
1760 3256 1905 3314 ergo
1933 3238 2097 3297 illum
2125 3256 2327 3298 coram
2354 3247 2519 3315 patre
2547 3255 2684 3296 meo
2711 3237 2812 3314 qui
2849 3238 2910 3295 in
2940 3237 3115 3297 caelis
3141 3246 3247 3297 est.
3304 3237 3349 3269 ⁸⁸
3365 3238 3467 3315 qui
3495 3248 3691 3297 autem

678 3333 973 3412 negauerit
1006 3351 1102 3392 me
1129 3350 1332 3392 coram
1359 3331 1696 3391 hominibus
1724 3332 1956 3408 negabo
1976 3341 2033 3392 et
2061 3351 2174 3410 ego
2202 3350 2340 3391 eum
2368 3348 2568 3390 coram
2597 3340 2760 3407 patre
2788 3348 2924 3390 meo
2951 3331 3054 3408 qui
3081 3340 3170 3390 est
3195 3332 3258 3389 in
3286 3330 3482 3390 caelis.

678 3537 795 3581 ante
826 3533 879 3580 ui
911 3530 985 3580 ΞΡ.
1052 3535 1195 3594 pater
1226 3529 1303 3589 L;
1348 3529 1759 3594 patremfamilias
1790 3546 1895 3580 uno
1931 3531 2082 3581 uerbo

679 3608 851 3674 Υςᾙ.
918 3610 1230 3658 beelsebub
1256 3622 1372 3656 cum
1394 3607 2079 3659 ABCFHOJKMM'VWX

679 3686 872 3751 szg.
894 3686 1109 3735 Hieron.
1139 3700 1204 3734 ex
1232 3699 1266 3747 4
1290 3684 1411 3749 Reg.
1441 3686 1476 3735 i.
1505 3697 1563 3747 23
1596 3685 1659 3749 ‘fi
1692 3685 1935 3736 belzebub
1967 3686 2080 3735 Dff

679 3761 792 3815 0⁶⁸:
844 3763 1072 3814 belzebul
1116 3763 1165 3811 R
1208 3768 1256 3812 et
1297 3764 1352 3813 S.
1392 3762 1489 3812 ioh.
1531 3779 1697 3826 oxon„
1737 3764 1964 3815 uelzebul
2002 3763 2079 3815 Ο*

679 3850 728 3893 et
757 3858 783 3891 c
814 3858 924 3894 sax.
958 3840 1042 3905 fr.
1074 3837 1277 3905 synd-3
1327 3839 1596 3891 beelzebud
1629 3842 1689 3901 E,
1722 3842 1964 3893 belzebud
1998 3843 2080 3907 Q?

679 3920 891 3971 belzebu
912 3920 976 3970 T.
1050 3918 1230 3969 Graeci
1247 3926 1297 3968 et
1317 3925 1435 3968 καί.
1461 3920 1569 3968 latt.
1586 3919 1706 3984 fere
1726 3936 1893 3970 ornnes
1915 3936 2030 3970 cum
2061 3921 2080 3970 l

679 3998 907 4047 scribunt
938 3996 1197 4047 beelzebul
1226 3995 1382 4062 ατί-θ’,
1400 4012 1448 4061 q,
1484 3996 1711 4047 belzebul
1733 3998 1774 4047 d
1789 3998 1823 4046 Ιι
1845 3998 1890 4057 k,
1920 3997 2078 4048 uelze-

677 4075 766 4126 bul
800 4075 845 4133 b.
879 4075 1104 4126 beizebul
1130 4089 1183 4139 g,
1219 4073 1300 4138 (cs.
1340 4072 1616 4136 Βεεζέβουλ
1652 4075 1739 4128 ΝΒ
1777 4083 1827 4125 et
1856 4076 1938 4126 W.
1964 4077 2079 4138 H.).

678 4153 880 4218 quando
902 4153 964 4203 L.
1030 4151 1325 4202 domisticos
1345 4152 1509 4203 DLR.

748 4231 826 4281 26.
860 4246 962 4281 ne:
997 4246 1099 4281 non
1129 4229 1301 4291 cRT;
1333 4246 1426 4281 nec
1445 4231 1665 4282 DSPLO.
1731 4230 2001 4282 timueretis
2020 4234 2061 4283 J
2064 4268 2078 4290 ,

679 4308 874 4360 tueritis
912 4307 990 4359 Ο*
1025 4310 1174 4372 (corr.
1207 4309 1319 4372 gh).
1387 4313 1537 4359 nihil
1578 4308 1755 4371 (nichil
1790 4310 1879 4372 W)
1925 4314 2079 4361 enim

679 4393 941 4451 opertum
971 4402 1084 4436 cum
1118 4386 1838 4437 AthPFKMM’ovwxsz
1865 4397 1914 4438 et
1939 4390 1981 4449 b,
2015 4389 2078 4454 cfi

678 4464 805 4514 nihil
834 4472 1061 4530 opertum
1093 4464 1172 4515 C:
1207 4481 1256 4514 n.
1279 4466 1412 4514 enim
1434 4472 1509 4515 est
1533 4473 1761 4529 opertum
1790 4465 2079 4531 BEHeLQ

678 4542 807 4592 Rx*
829 4558 907 4606 vg.
940 4541 1124 4602 Tisch„
1158 4557 1208 4591 n.
1243 4544 1378 4591 enim
1413 4550 1640 4608 opertum
1674 4550 1749 4594 est
1782 4544 1886 4605 JT‚
1925 4551 1974 4594 et
2007 4546 2079 4594 sic

670 4621 846 4683 graeci
867 4627 916 4669 et
935 4625 1055 4669 uett.
1081 4620 1191 4668 latt.
1216 4619 1399 4669 habent
1426 4627 1514 4669 est.
1580 4636 1699 4671 non
1727 4624 2077 4671 retrolabitur

679 4696 908 4764 (·lauitur
920 4698 991 4759 C)
1013 4702 1101 4746 et:
1137 4711 1236 4746 non
1261 4697 1505 4747 reueletur
1524 4713 1682 4764 neque
1702 4697 1748 4747 T
1767 4696 1838 4762 (ς’
1849 4714 1963 4747 cum
1983 4698 2074 4764 et).

678 4774 904 4825 ocultum
923 4774 992 4835 D,
1017 4773 1304 4824 hoecultum
1323 4775 1382 4825 C.
1451 4779 1662 4826 scietur
1686 4773 2074 4839 (γνωσθήσεται)

676 4868 791 4902 cum
854 4852 2075 4919 BCDER’FHQJKLMMOQRVWXQRSOE

676 4929 984 4996 etabdfh
1004 4946 1148 4983 aur-,2
1181 4930 1365 4980 sciatur
1385 4931 1902 4997 ATx⁶Y5mmcg1
1926 4949 1973 4997 q.

746 5018 824 5071 27.
859 5011 1073 5058 tuditis
1098 5006 1350 5071 (ἀκούετε)
1380 5008 1508 5059 codd.
1531 5010 1607 5074 pl.
1638 5016 1687 5059 et
1715 5025 1795 5073 vg.
1820 5027 1831 5059 :
1867 5010 2074 5061 audistis

677 5086 906 5149 mm,
934 5086 1148 5137 audietis
1171 5087 1241 5149 D,
1262 5087 1448 5137 audisti
1472 5086 1544 5137 H.
1611 5087 1864 5152 predicate
1886 5088 2021 5137 DW.

746 5166 823 5215 28.
860 5164 1127 5215 hoccidunt
1152 5202 1163 5213 .
1192 5203 1205 5216 .
1229 5164 1490 5215 hoccidere
1515 5164 1578 5215 C.
1643 5166 1812 5230 putius
1843 5165 1951 5227 LR,
1981 5182 2071 5231 po-

677 5243 782 5293 cius
805 5243 887 5292 W.
958 5250 1016 5299 >
1038 5244 1208 5293 timete
1239 5259 1354 5295 eum
1387 5243 1480 5292 ER
1500 5259 1578 5307 vg.
1646 5249 1705 5293 et
1738 5247 1982 5294 unimam
2014 5249 2073 5293 et

679 5336 828 5380 corp.
862 5322 993 5371 codd.
1032 5329 1081 5371 et
1115 5338 1193 5386 vg.
1234 5337 1348 5371 cum
1377 5321 1574 5387 graecis
1610 5322 1986 5386 (NJBCDLXH
2024 5329 2073 5372 et

659 5398 773 5465 fffi
792 5399 854 5449 k:
885 5414 981 5450 om.
1003 5404 1064 5449 et
1089 5406 1210 5450 ante
1238 5404 1482 5451 animam
1507 5406 1567 5450 et
1595 5415 1643 5450 ο.
1668 5399 1935 5450 BEH⁰KT
1955 5416 2069 5450 cum

675 5477 919 5542 abcg,ln
944 5493 1065 5542 mq,
1103 5478 1253 5541 >(et
1288 5494 1381 5527 om.
1421 5480 1501 5541 et)
1542 5493 1724 5543 corpus
1760 5485 1810 5529 et
1847 5479 2065 5527 animam

2288 3530 2436 3581 DLR
2471 3545 2583 3579 cum
2627 3530 2780 3579 clem.
2821 3529 2950 3578 hom.
2989 3527 3069 3576 Ir.
3107 3526 3201 3577 int.
3247 3528 3379 3578 Tert.
3404 3527 3484 3591 (3)
3516 3528 3690 3594 Lucis:

2285 3608 2553 3674 pei-dedere
2594 3606 2686 3659 R*.
2755 3613 2818 3657 in
2855 3609 3174 3664 gehennam
3213 3605 3343 3655 codd.
3368 3605 3487 3670 sm
3523 3621 3692 3656 omnes

2287 3685 2471 3748 (H²Z‘)
2495 3692 2544 3734 et
2563 3700 2642 3749 vg.
2664 3700 2778 3734 cum
2802 3686 2854 3733 D
2869 3698 3045 3749 graeco
3069 3682 3136 3731 εἰς
3154 3681 3361 3744 γέενναν
3382 3689 3430 3732 et
3457 3698 3493 3732 a
3515 3683 3543 3732 b
3563 3700 3589 3732 c
3608 3684 3649 3732 d
3650 3684 3705 3749 f

2269 3764 2341 3830 β’,
2350 3762 2729 3829 g2(gehennem)
2746 3767 2779 3812 Ιι
2796 3778 2846 3811 m
2864 3778 2896 3827 q
2916 3778 2928 3812 :
2958 3761 3010 3810 in
3027 3759 3255 3825 gehenna
3273 3760 3688 3826 BC(geenna)H*

2284 3841 2461 3891 LMz*
2484 3856 2598 3890 cum
2613 3839 2932 3904 graecis-sere
2951 3838 3197 3888 omnibus.
3731 3874 3740 3883 .

2354 3933 2429 3982 ²9·
2465 3921 2612 3968 duo:
2663 3918 2766 3967 dfio
2808 3917 2881 3976 L:
2929 3927 3007 3964 ·11·
3046 3917 3111 3965 D.
3179 3930 3334 3965 me:
3380 3930 3463 3964 ase
3499 3915 3548 3963 R
3582 3916 3686 3980 (gl.

2282 3996 2444 4046 uertit
2472 4003 2526 4045 to
2548 3995 2653 4046 him
2678 3993 2917 4045 cumende
2936 3995 2991 4056 Ι).
3061 3999 3316 4042 ueneunt
3338 3992 3685 4043 BFQJKM'O

2282 4071 2543 4122 VWX*Z’
2563 4088 2642 4136 vg.
2671 4072 2740 4135 (ς
2761 4070 2948 4136 uaen.):
2982 4071 3187 4121 ueniunt
3217 4070 3686 4134 ACDEH'HLMQ

2283 4151 2513 4201 RTth.
2578 4154 2729 4201 ima:
2764 4151 2837 4200 eis
2859 4150 2921 4199 R.
2988 4152 3155 4200 cadet
3186 4149 3315 4198 codd.
3338 4156 3386 4199 et
3406 4165 3515 4213 oga:
3551 4149 3687 4198 eadit

2282 4229 2553 4294 DEEPQR.
2634 4243 2835 4287 super:
2883 4228 2935 4278 in
2975 4228 3036 4278 C.
3117 4231 3242 4277 sine
3285 4232 3447 4285 putre
3490 4232 3685 4276 uestro

2279 4308 2412 4357 codd.
2445 4315 2494 4357 ct
2520 4321 2598 4372 vg.
2619 4323 2636 4357 t
2672 4306 2779 4355 sine
2811 4306 3069 4356 uoluntate
3104 4305 3261 4371 patris
3294 4305 3440 4355 uestri
3473 4305 3537 4364 Θ,
3576 4305 3683 4355 sine

2281 4386 2382 4436 uol.
2400 4393 2540 4451 patre
2563 4391 2728 4435 uestro
2748 4386 2809 4446 E,
2825 4385 2933 4434 sine
2954 4385 3108 4450 patris
3128 4383 3281 4433 uestri
3305 4383 3408 4433 uol.
3425 4383 3511 4448 qui
3532 4391 3606 4433 est
3626 4383 3680 4433 in

2280 4464 2434 4514 caelis
2468 4465 2533 4523 D,
2576 4464 2685 4513 sine
2715 4463 2819 4512 uol.
2848 4462 2933 4512 dei
2962 4463 3117 4528 patris
3145 4462 3297 4510 uestri
3325 4461 3410 4525 qui
3442 4462 3492 4510 in
3526 4461 3682 4510 caelis

2278 4550 2353 4592 est
2373 4542 2431 4601 L,
2449 4542 2552 4591 sine
2574 4548 2716 4606 patre
2737 4547 2904 4590 uestro
2925 4540 3012 4605 qui
3036 4539 3085 4588 in
3107 4539 3259 4589 melis
3278 4545 3351 4588 est
3369 4538 3434 4602 Q.
3467 4538 3680 4587 Similia

2278 4620 2460 4669 habent
2490 4627 2609 4669 uett.
2639 4620 2782 4683 plur.
2807 4619 2889 4684 (af
2913 4619 2980 4668 B.
3007 4618 3065 4667 F.
3102 4617 3324 4666 Westcott
3353 4617 3413 4665 in
3443 4615 3681 4666 ‘Smitlt's

2277 4697 2425 4747 Bible
2447 4696 2784 4760 Dictionaryl
2806 4705 2921 4747 tom.
2944 4696 3016 4745 iii.
3029 4702 3085 4760 p.
3114 4694 3260 4759 1694,
3284 4702 3382 4744 not.
3405 4695 3477 4757 k).

2344 4789 2424 4837 30.
2457 4791 2553 4824 om.
2580 4781 2639 4825 et
2661 4773 2824 4830 LRz.
2898 4782 2953 4831 >
2973 4773 3220 4823 numerati
3244 4781 3358 4823 sunt
3380 4787 3552 4822 omnes
3571 4772 3636 4821 R.

2343 4867 2423 4914 31.
2458 4856 2668 4904 nolite:
2715 4853 2801 4902 nol
2835 4854 2895 4902 in
2924 4868 3025 4903 ras.
3062 4867 3153 4901 scr.
3191 4853 3254 4901 Α.
3319 4855 3682 4901 timere-*eos

2277 4930 2469 4994 DELQ
2499 4946 2611 4979 cum
2634 4945 2810 4994 graeco
2839 4930 2896 4979 M
2919 4931 2987 4981 al.
3054 4933 3286 4979 multis:
3321 4928 3483 4978 multo
3514 4929 3677 4992 magis

2276 5009 2389 5059 DL.
2461 5015 2519 5065 >
2543 5024 2635 5058 uos
2677 5007 2911 5059 meliores
2951 5008 3070 5059 estis
3111 5006 3392 5072 passeribus
3435 5004 3502 5056 R.
3567 5022 3675 5056 me-

2274 5087 2418 5136 lioris
2439 5087 2497 5136 L.

2343 5178 2422 5227 3²·
2456 5162 2771 5214 confiteuitur
2813 5163 2873 5222 C.
2920 5162 3228 5214 confitibitur
3271 5162 3353 5221 03
3409 5161 3676 5212 confitetur

2274 5243 2534 5305 AoTx·Y‚
2566 5241 2842 5292 confitebar
2873 5242 2931 5293 L.
2998 5247 3086 5291 eet
3124 5245 3188 5291 in
3220 5244 3392 5292 caelin
3428 5240 3552 5305 (dos
3585 5240 3673 5290 H*

2271 5337 2397 5371 corr.
2434 5337 2498 5372 m.
2524 5320 2636 5386 p.):
2696 5329 2752 5377 >
2792 5321 2843 5370 in
2878 5321 3001 5371 cael.
3036 5327 3111 5371 est
3157 5319 3669 5383 DEffLQRwfflss.)

2270 5416 2417 5540 ogga
2461 5478 2680 5528 Uet-sum
2723 5483 2883 5527 totum
2927 5492 3022 5526 om.
3068 5478 3135 5527 D.
3206 5478 3501 5534 nocuum-it
3542 5489 3670 5526 me:
