4717 6400
832 703 963 773 304

1158 854 1365 906 AHVY
1379 854 1534 905 Harl.
1561 862 1703 919 2⁷97·

915 960 1178 1008 astruens
1206 947 1352 1007 tollit
1380 947 1590 1025 quibus
1618 964 1864 1024 regnum
1894 963 2030 1024 pro-

914 1042 1148 1101 mittens
1175 1042 1256 1100 ait
1283 1051 1418 1119 post
1455 1040 1648 1118 aliqua
1683 1053 1849 1117 petro
1886 1058 2029 1100 con-

914 1137 1079 1196 firma
1107 1135 1308 1194 fratres
1335 1145 1483 1196 tuos,

827 2082 955 2144 XC.
997 2082 1289 2142 Passionis
1343 2092 1509 2158 gesta
1563 2091 1868 2142 narrantur
1921 2084 2022 2141 ubi

909 2178 1053 2236 inter
1075 2187 1267 2237 cetera
1294 2175 1471 2234 etiam
1499 2176 1816 2236 auriculam
1842 2195 2022 2255 quam

906 2288 1090 2348 puero
1112 2280 1307 2347 petrus
1324 2269 1651 2330 absciderat
1670 2272 1795 2349 ipse
1813 2289 2022 2331 manus

907 2384 1050 2426 suae
1078 2373 1236 2424 tactu
1264 2363 1525 2424 restituit.

824 2829 986 2889 XCI.
1028 2831 1511 2908 crucifigentibus
1537 2833 1772 2892 ueniam
1799 2851 1836 2892 a
1857 2842 2020 2911 patre

906 2923 1231 3001 deposcens
1281 2926 1460 2985 etiam
1499 2944 1684 2985 unum
1726 2945 1800 2985 ex
1842 2927 2020 2987 latro-

905 3018 1078 3077 nibus
1115 3018 1453 3079 crucifixum
1495 3020 1872 3080 confitentem
1915 3021 2017 3080 ab·

904 3113 1093 3173 soluit.

819 3578 1013 3639 XCII.
1062 3580 1473 3643 Resurrexisse
1542 3600 1680 3643 eum
1747 3583 2016 3644 mulieres

900 3676 1163 3752 angelica
1231 3677 1586 3737 reuelatione
1651 3689 2017 3756 cognoscunt

899 3779 958 3828 et
986 3780 1185 3846 petrus
1214 3770 1289 3829 ad
1310 3781 1757 3831 monumentum
1781 3790 2017 3832 currens

899 3880 969 3922 ac
998 3864 1205 3925 uidens
1233 3864 1393 3944 quod
1420 3864 1640 3926 factum
1671 3865 1858 3926 fuerat
1893 3885 2017 3927 am-

899 3957 1151 4016 miratur.

881 4091 992 4143 XC.
1028 4100 1242 4143 cetera:
1279 4094 1442 4143 celera
1466 4094 1536 4144 H.
1604 4095 1825 4146 auricula
1850 4096 1971 4147 ΗΥ.

811 4157 1047 4274 ἰωὶξὲἓ.
1056 4163 1463 4276 Ξἱειιοιιιιὶοιιοε
1510 4160 1747 4211 relatione
1781 4161 1854 4211 Η.
1918 4179 2014 4214 om.

1786 685 2242 749 CAPITULA
2293 685 2413 746 IN
2449 681 3089 747 EUANGELIUM

2505 854 2663 918 ecs).

2214 947 2584 1007 Certantibus
2667 946 2741 1006 de
2840 944 3025 1023 gradu

2294 1060 2471 1105 acum
2569 1039 2829 1119 praeficit
2925 1040 3025 1116 qui

2294 1132 2596 1195 ministrat.

2213 1230 2289 1288 Et
2310 1240 2481 1306 petro
2504 1229 2643 1290 dicit
2664 1227 2824 1306 quod
2853 1245 3025 1286 aeum

2291 1334 2485 1384 aesset
2510 1334 2839 1401 negaturus.

2213 1417 2347 1477 Hac
2417 1417 2652 1477 monitis
2732 1415 3025 1492 discipulis

2292 1512 2396 1570 hut
2416 1511 2655 1572 uendito
2675 1510 3023 1569 uestimento

2291 1606 2568 1666 haemant
2595 1604 2873 1683 gladium.

2211 1700 2424 1777 Perget
2457 1699 2534 1757 ad
2567 1710 2830 1757 montem
2873 1695 3022 1755 holi—

2289 1794 2410 1853 ueti
2429 1793 2528 1871 qui
2550 1810 2733 1871 quum
2761 1790 3024 1851 horasset

2291 1887 2610 1965 discipulos
2646 1886 2859 1945 excitat
2887 1884 3023 1943 dor-

2290 1982 2552 2040 mientes.

2126 2080 2275 2136 XX.
2338 2079 2804 2135 antecedente
2857 2076 3025 2132 iuda

2287 2169 2482 2226 uenit
2509 2169 2714 2225 turba
2741 2170 2811 2224 et
2832 2181 3021 2224 oscu-

2287 2265 2357 2320 lo
2385 2263 2637 2320 tradite
2664 2262 2812 2330 113⁸·

2203 2352 2283 2413 Et
2298 2362 2499 2431 petrus
2516 2353 2831 2412 auriculam
2848 2369 3020 2411 seruo

2287 2447 2591 2508 habscidit.

2203 2541 2403 2601 Ducto
2465 2542 2566 2601 ihu
2633 2539 2709 2599 ad
2775 2540 3019 2600 domum

2284 2635 2565 2714 principis
2649 2634 3018 2695 sacerdotum

2286 2735 2399 2806 xps
2428 2729 2734 2788 deluditur.

2204 2825 2602 2901 Interrogatus
2655 2842 2693 2882 a
2745 2821 2930 2882 iudeis
2983 2841 3020 2881 a

2286 2918 2484 2995 pylato
2550 2927 2609 2976 et
2669 2919 2745 2976 ab
2800 2916 3017 2975 herode

2285 3013 2395 3072 hac
2430 3021 2570 3072 tunc
2603 3012 2665 3070 in
2703 3012 3016 3070 amicitiam

2284 3106 2514 3184 pylatus
2552 3116 2610 3166 et
2651 3105 2899 3165 herodes
2925 3123 3017 3164 re-

2283 3201 2481 3261 deunt.
2710 3199 2719 3208 '

2202 3295 2505 3355 Barabbas
2526 3295 2827 3354 dimittitur
2847 3304 2905 3355 et
2926 3296 3015 3354 ihs

2282 3389 2477 3450 Iudeis
2512 3389 2871 3468 suffigendus
2901 3398 3015 3448 tra-

2282 3484 2453 3542 ditur.

2202 3577 2322 3651 Qui
2378 3577 2786 3655 plangentibus
2842 3595 3015 3637 aeum

2283 3671 2618 3732 mulieribus
2700 3671 2806 3731 hut
2889 3690 3016 3731 sese

2283 3766 2472 3844 magis
2492 3765 2837 3844 plangerent
2857 3766 3014 3825 dixit.

2201 3860 2279 3920 Et
2333 3859 2483 3919 inter
2545 3859 2799 3920 latrones
2867 3860 3019 3918 fixus

2284 3954 2470 4014 acceti
2497 3964 2703 4032 potum
2734 3954 2972 4031 accepit.

2205 4049 2409 4110 Titulo
2437 4069 2538 4109 rex
2565 4049 2916 4127 designatur.

2202 4150 2255 4204 A
2286 4163 2409 4221 quo
2440 4144 2632 4203 hunus
2668 4163 2742 4204 ex
2780 4144 3012 4203 latroni-

2282 4239 2395 4296 bus
2423 4238 2667 4298 credens
2696 4239 2772 4297 ad
2804 4238 3013 4316 phara·

2280 4332 2470 4391 disum
2500 4331 2740 4392 ducitur.

2178 4451 2405 4501 XVIIII.
2440 4451 2675 4516 praefecit
2694 4453 2744 4500 T
2734 4451 2861 4502 hom.
2903 4468 3008 4518 per-

2110 4517 2185 4583 git
2215 4517 2386 4565 Thom.

2178 4583 2293 4632 XX.
2330 4582 2541 4631 traditur
2581 4581 2750 4630 Thom.
2834 4586 3009 4632 chris·

2111 4653 2205 4698 tus
2225 4665 2236 4698 ε
2273 4649 2403 4698 iesus
2423 4649 2491 4698 al.
2511 4655 2589 4712 ap.
2611 4647 2781 4697 Thom.
2847 4648 2899 4695 ui
2910 4656 3011 4712 pro

2111 4728 2277 4764 seruo
2307 4714 2422 4763 Uat.
2442 4726 2587 4776 4221.
2653 4715 3008 4763 sacerdotum

2089 4791 2098 4799 ·
2125 4786 2344 4843 ÷petrus
2377 4778 2449 4827 ibi
2486 4785 2561 4828 ter
2594 4778 2797 4843 negauit
2838 4779 3006 4829 Thom.

2111 4849 2294 4894 iesus:
2339 4844 2550 4893 christus
2592 4845 2661 4895 al.
2700 4851 2780 4908 ap.
2835 4845 3004 4896 Thorn.

2111 4913 2297 4959 iudeis
2333 4913 2709 4967 suffigendum
2756 4927 2786 4959 a
2818 4910 3009 4960 iudaeis

2111 4974 2467 5039 crucifigendus
2497 4976 2548 5023 Τ
2539 4976 2666 5024 hom.
2692 4976 2802 5039 (sed
2817 4976 2917 5024 aliz·
2934 4993 3008 5025 co-

2109 5043 2237 5091 dices
2267 5056 2383 5090 cum
2415 5047 2579 5090 nostro
2611 5040 2653 5090 C
2685 5047 3006 5104 congruunt).

2112 5111 2359 5156 traditur
2391 5119 2429 5158 ÷
2458 5121 2650 5156 crucem
2697 5108 2802 5156 iesu
2845 5106 3006 5157 simon

2113 5171 2388 5236 cyrenensis
2409 5178 2576 5236 portat
2605 5172 2776 5221 Tkom.
2843 5179 2891 5220 et
2912 5189 3004 5224 orn.

2113 5243 2211 5296 qui
2252 5241 2376 5299 (non
2418 5244 2586 5286 autem
2633 5239 2748 5288 Uat.
2788 5251 2916 5300 4221
2963 5247 3011 5288 et

2113 5305 2260 5353 Alex.
2285 5304 2384 5360 ιο).
2435 5306 2791 5361 designatur:
2822 5303 3009 5369 defigu-

2113 5377 2245 5418 ratur
2276 5370 2392 5418 Uat.
2413 5381 2564 5429 4²²1·

3126 851 3255 902 ΒΘ]
3261 850 3574 915 (breues)OX
3584 851 3708 900 Par.
3719 851 3832 901 Lat.
3853 851 4026 916 10438.

3125 1434 3195 1475 ac
3217 1416 3358 1476 dicit
3379 1414 3676 1491 discipulis
3696 1425 3761 1474 ut
3781 1415 4024 1475 uendito

3205 1510 3554 1569 uestimento
3624 1518 3821 1569 emant
3903 1508 4025 1586 gla-

3206 1604 3386 1663 dium.

3126 2082 3259 2142 XX.
3298 2081 3476 2143 Iudas
3494 2081 3725 2141 tradidit
3745 2081 3868 2141 ihm
3889 2101 4025 2160 pas-

3207 2178 3295 2236 sio
3350 2178 3467 2247 ihu·
3504 2188 3561 2237 et
3618 2177 3913 2254 sepultura
3967 2187 4025 2236 et

3205 2272 3544 2332 resurrectio
3566 2270 3691 2330 eius
3711 2280 3770 2330 et
3785 2270 4022 2349 reliqua.

3183 4065 3413 4116 XVIIII.
3449 4069 3746 4125 discipulis
3764 4070 3916 4118 ÷suis
3934 4070 3989 4120 J.

3181 4131 3298 4180 XX.
3331 4133 3788 4183 fflm:dnm13(÷›J
3813 4135 4012 4194 Τήθης

3128 4204 3282 4247 ÷erat
3315 4203 3480 4247 autem
3509 4198 3609 4250 fere
3642 4197 3766 4248 hora
3795 4208 3930 4249 sexta
3954 4200 4008 4250 J.

3114 4267 3173 4311 et
3208 4265 3458 4320 reliqua:
3502 4279 3595 4312 om.
3634 4263 3682 4313 Θ
3716 4265 3917 4325 Thom.;
3962 4272 4015 4315 et

3112 4334 3276 4377 cetera
3294 4330 3351 4378 J.

3178 4394 3264 4442 Ita
3303 4393 3423 4457 leg-it
3471 4396 3626 4456 10438
3673 4396 3753 4445 De
3791 4397 4014 4446 oratione

3110 4459 3195 4507 dni
3217 4465 3266 4508 et
3288 4459 3434 4509 iudae
3456 4459 3718 4510 traditione

3177 4524 3257 4574 De
3279 4523 3362 4573 diii
3385 4525 3619 4589 passione

3142 4652 3154 4665 .
3177 4590 3258 4638 De
3295 4590 3547 4654 sepultura
3579 4598 3630 4640 et
3663 4593 4012 4643 resurrectione

3111 4669 3219 4703 erus

3176 4721 3257 4769 De
3294 4735 3355 4768 eo
3396 4721 3480 4771 ubi
3519 4722 3718 4772 duobus
3756 4723 4013 4789 discipulis

3109 4785 3253 4862 tertia
3265 4785 3346 4834 die
3363 4786 3506 4836 uinus
3522 4786 3573 4836 in
3588 4788 3832 4853 peregrini
3848 4789 4011 4854 specie

3107 4866 3159 4992 Tu
3174 4865 3267 4965 δὲ
3286 4860 3592 4967 ἓὲριῖῑξῗὲἰίε
3632 4918 3795 4968 ianuis
3827 4921 4008 4969 clausis

3107 4989 3429 5046 introgressus
3460 4983 3512 5030 in
3546 4983 3712 5033 medio
3742 4984 4008 5049 discipulo·

3108 5062 3217 5095 rum
3240 5049 3471 5111 apparuit
3494 5056 3543 5098 et
3572 5049 3834 5113 scripturas
3862 5050 3924 5099 de
3955 5065 4009 5100 se

3109 5112 3384 5189 praedictas
3422 5115 3642 5175 aperuit:
3688 5122 3738 5163 et
3774 5122 4011 5164 nantem!

3108 5177 4007 5311 cagitcubssrl‘22fiffeieciitzss{uangelii

3111 5307 3250 5357 lucae
3266 5309 3323 5364 B,
3347 5309 3618 5374 expliciunt
3636 5311 3809 5361 breues
3829 5328 3950 5362 enan

3112 5373 3175 5432 Θ,
3221 5374 3491 5438 expliciunt
3536 5376 3708 5427 breues
3763 5393 3949 5442 cuange
3972 5379 4009 5427 ii

3112 5438 3254 5489 lucae
3284 5442 3343 5501 J,
3376 5440 3500 5505 expl'
3528 5442 3733 5506 capituli
3768 5443 3907 5493 lucae
3941 5444 4007 5497 Ο.

3110 5504 3446 5567 explicuerunt
3468 5507 3641 5558 brebes
3664 5509 3727 5557 X.
