4717 6400
827 667 955 745 498

1156 833 1362 885 Anvv
1375 835 1532 885 Harl.
1558 845 1700 899 2797.

910 927 1122 986 festum
1173 928 1594 1004 scaenopegiae
1645 928 1745 986 ubi
1802 927 2032 987 diuersa

911 1022 984 1081 de
1022 1040 1095 1081 eo
1135 1030 1193 1079 et
1233 1022 1307 1079 ab
1347 1039 1419 1079 eo
1454 1021 1720 1080 dicuntur
1759 1032 1813 1080 et
1852 1040 2029 1098 quae-

911 1126 1101 1175 rentes
1122 1132 1256 1174 eum
1278 1114 1712 1191 adprehendere
1735 1125 2032 1192 nequeunt

911 1210 1049 1287 quia
1079 1208 1340 1267 nondum
1373 1219 1610 1268 uenerat
1637 1209 1783 1269 hora
1810 1210 1951 1269 eius.

828 1304 994 1363 XIX.
1053 1302 1257 1361 Multis
1314 1303 1386 1362 de
1443 1304 1613 1362 turba
1665 1303 2032 1363 credentibus

909 1397 1157 1475 plurima
1214 1397 1466 1473 loquitur
1523 1398 1670 1455 inter
1726 1415 1874 1474 quae
1931 1398 2030 1475 qui

910 1493 1028 1551 sitit
1056 1491 1251 1550 ueniat
1279 1490 1355 1549 ad
1384 1509 1479 1549 me
1508 1501 1565 1550 et
1593 1490 1756 1551 bibat
1871 1493 2029 1550 nico-

909 1587 1085 1645 demo
1107 1602 1346 1662 quoque
1363 1603 1470 1662 pro
1493 1585 1622 1662 ipso
1644 1585 1716 1644 de
1739 1585 2032 1644 audientia

910 1680 1124 1739 dicenti
1153 1679 1432 1738 resistitur
1461 1698 1494 1736 a
1522 1678 1854 1758 pharisaeis

829 1959 963 2019 XX.
1022 1958 1335 2019 Mulierem
1392 1960 1452 2018 in
1503 1960 1784 2019 adulterio
1841 1979 2030 2038 repre-

910 2054 1157 2115 hensam
1185 2062 1360 2131 atque
1387 2053 1461 2112 ad
1494 2071 1555 2112 se
1585 2054 1898 2114 adductam
1922 2074 2031 2114 nec

912 2151 988 2209 ab
1066 2149 1498 2209 accusatoribus
1580 2149 2031 2209 condemnatam

910 2244 1035 2320 ipse
1080 2244 1189 2302 sub
1234 2242 1582 2302 condicione
1633 2261 1748 2321 qua
1797 2244 2031 2303 ulterius

913 2356 1032 2396 non
1064 2348 1338 2415 peccaret
1366 2338 1633 2397 absoluit.

832 2433 998 2491 XXI.
1040 2432 1264 2491 Lucem
1302 2432 1503 2491 mundi
1543 2451 1606 2490 se
1646 2432 1847 2491 dicens
1888 2433 2032 2511 pha-

913 2528 1132 2586 risaeos
1173 2525 1247 2585 de
1287 2527 1526 2603 proprio
1568 2527 1902 2586 testimonio
1944 2547 2033 2587 re-

912 2621 1186 2681 sultantes
1265 2621 1451 2698 arguit
1519 2621 1790 2679 iudicium
1862 2639 2029 2680 suum

909 2734 1115 2775 uerum
1159 2733 1284 2774 esse
1328 2715 1699 2774 confirmans,

831 2809 1029 2868 XXII.
1071 2809 1226 2867 Dicit
1252 2809 1470 2868 iudaeis
1493 2820 1549 2867 et
1570 2827 1681 2867 uos
1704 2809 1764 2867 in
1786 2822 2032 2886 peccato

909 2914 1104 2962 uestro
1146 2903 1473 2961 moriemini
1521 2921 1556 2960 a
1599 2902 1811 2980 quibus
1857 2904 2030 2962 inter-

910 3005 1150 3073 rogatus
1196 2998 1326 3072 quis
1371 3008 1523 3054 esset
1572 2997 1922 3073 principium
1967 3016 2030 3057 se

911 3109 1039 3150 esse
1068 3090 1369 3167 respondit
1397 3091 1619 3149 addens
1650 3109 1784 3149 cum
1816 3090 2031 3150 exalta-

914 3186 1109 3245 ueritis
1166 3184 1345 3244 filium
1401 3184 1656 3245 hominis
1713 3196 1846 3244 tunc
1893 3204 2032 3263 cog-

913 3280 1170 3340 noscetis
1199 3282 1335 3357 quia
1364 3298 1478 3356 ego
1507 3297 1653 3338 sum.

833 3375 1060 3434 XXIII.
1127 3374 1355 3433 Iudaeis
1419 3374 1783 3433 credentibus
1846 3375 1923 3433 ait
1985 3376 2033 3433 si

913 3469 1236 3528 manseritis
1264 3470 1322 3526 in
1359 3486 1628 3527 sermone
1658 3487 1792 3527 meo
1821 3469 2032 3527 ueritas

913 3565 1174 3625 liberabit
1190 3582 1298 3623 uos
1316 3564 1529 3641 quibus
1553 3564 2034 3640 respondentibus

915 3677 977 3718 se
1014 3677 1140 3718 esse
1181 3659 1393 3718 liberos
1432 3657 1569 3716 dicit
1604 3658 1702 3735 qui
1733 3656 1866 3717 facit
1895 3677 2031 3735 pec-

913 3763 1108 3812 catum
1150 3768 1353 3811 seruus
1394 3760 1482 3810 est
1523 3752 1745 3827 peccati
1787 3763 1843 3811 et
1887 3753 2034 3810 inter

914 3846 1024 3906 alia
1051 3845 1231 3904 multa
1260 3844 1557 3903 diabolum
1598 3844 1949 3904 homicidam
1978 3857 2033 3903 et

913 3940 1200 3998 mendacii
1232 3949 1453 4015 patrem
1485 3938 1767 4015 adsignat.

834 4033 1091 4092 XXIIII.
1139 4032 1260 4106 Qui
1278 4049 1613 4091 sermonem
1631 4032 1816 4109 inquit
1836 4050 2031 4090 meum

913 4128 1223 4187 seruauerit
1264 4138 1511 4185 mortem
1556 4144 1674 4185 non
1717 4126 1932 4185 uidebit
1974 4129 2031 4184 in

913 4231 1209 4280 aeternum
1259 4234 1317 4279 et
1359 4221 1505 4279 inter
1547 4230 1738 4279 cetera
1785 4220 2033 4297 plurima

913 4324 1049 4374 ante
1087 4314 1369 4373 abraham
1405 4333 1466 4372 se
1504 4332 1634 4373 esse
1677 4313 1876 4373 dicens
1913 4316 2032 4373 exi-

915 4410 998 4466 uit
1026 4408 1098 4466 de
1129 4408 1364 4484 templo.

897 4542 1096 4592 XVIII.
1143 4540 1407 4604 scaenoph.
1465 4541 1532 4599 H,
1592 4541 1823 4603 scenoph.
1874 4540 2030 4588 Harl.

840 4608 1008 4657 Thom.
1076 4616 1333 4672 querentes
1358 4606 1418 4654 Y.
1486 4604 1881 4668 adpraehendere
1905 4605 1973 4653 H.

896 4673 1041 4722 XIX.
1073 4688 1169 4737 que
1187 4672 1369 4728 Harl.;
1403 4671 1524 4721 ÷ait
1547 4670 1716 4719 Thone.
1751 4670 1945 4719 dicente
1963 4672 2029 4718 H.

898 4739 1014 4788 XX.
1048 4736 1400 4801 deprehensam
1427 4737 1477 4784 H
1503 4736 1659 4785 Harl.
1691 4737 1740 4784 T
1730 4736 1856 4784 hom.
1916 4751 2033 4784 con·

831 4804 1016 4854 ditione
1041 4799 1193 4853 Harl.
1227 4803 1396 4852 Thom.

897 4869 1166 4984 {{}}1‚⁸:
1202 4867 1265 4916 ad
1291 4868 1443 4916 Harl.
1512 4865 1854 4917 exaltaueretis
1880 4867 1939 4915 Y.

833 5000 1069 5050 mendatii
1093 5000 1251 5049 Harl.

898 5066 1127 5115 xx1111.
1161 5064 1331 5130 inquid
1359 5064 1426 5112 H.
1495 5069 1684 5114 caetera
1719 5063 1887 5112 Thom.

1142 4933 1457 4998 gredentibns
1504 4932 1573 4981 H.
1657 4932 1908 4983 homicida
1962 4932 2030 4982 H.
2109 4953 2114 4960 ·

1785 665 1891 727 CA
1903 663 2244 724 PJTULA
2296 664 2417 724 IN
2452 664 2630 724 EUA
2641 664 2716 725 N
2718 665 2951 727 GELI
2952 664 3093 725 ΠΜ

2279 833 2339 882 OE
2341 832 2500 883 col-1
2506 832 2883 897 (breues)OTX.

2298 925 2626 985 ascendens
2666 926 2727 983 in
2754 925 3038 1004 templum

2300 1020 2486 1079 docet.

3154 833 3267 884 σαι.
3280 834 3426 885 Alex.
3442 847 3502 898 14
3515 838 3533 897 ς
3548 856 3591 874 =
3611 834 3782 885 nom.
3792 835 3833 885 1.
3840 841 3894 900 p.
3907 837 4046 900 344).

3227 926 3373 985 sesto
3394 927 3453 984 in
3475 927 3758 1004 templum
3780 938 3835 987 et
3857 928 4044 988 docet.

2220 1300 2415 1361 Maius
2473 1302 2685 1361 aetiam
2740 1301 2814 1361 de
2872 1302 3040 1360 turba
3145 1300 3218 1359 Et
3257 1300 3331 1359 de
3370 1302 3537 1360 turba
3578 1302 3743 1360 multi
3787 1302 4043 1361 credide-

2300 1394 2670 1454 credentibus
2714 1396 2871 1455 idem
2923 1395 3038 1455 cla-

2299 1499 2420 1547 mat
2452 1490 2499 1547 si
2529 1491 2659 1566 quis
2700 1490 2816 1548 sitit
2845 1489 3037 1548 ueniat

2298 1594 2357 1642 et
2386 1584 2562 1642 bibat.

2217 1675 2372 1736 Cum
2417 1678 2691 1736 ministris
2732 1686 2790 1736 et
2842 1677 3038 1737 nicho-

2300 1771 2462 1830 dimo
2500 1770 2758 1847 principe
2797 1781 3037 1831 conten-

2299 1864 2462 1923 dunt

2220 1956 2311 2016 De
2340 1959 2581 2016 muliere
2611 1958 2885 2018 adultera.

2218 2440 2318 2498 Ihs
2346 2440 2545 2499 lumen
2583 2441 2784 2499 mundi
2815 2459 2945 2500 esse
2974 2461 3036 2501 se

2298 2534 2607 2611 praedicat.

2133 2817 2330 2874 VIII.
2389 2814 2513 2872 Ihs
2582 2817 3037 2885 interrogatus

2295 2924 2713 2978 prmcrprum
2746 2925 2819 2968 se
2849 2925 3036 2968 aenae

2294 3005 2667 3073 respondit.

2218 3663 2399 3736 Quod
2462 3664 2692 3724 homnis
2763 3677 3036 3743 peccator

2298 3777 2503 3818 seruus
2542 3759 2628 3818 sit.

2216 4315 2292 4375 Et
2310 4316 2472 4394 quod
2489 4315 2577 4376 ihs
2599 4327 2735 4376 ante
2755 4317 3035 4377 abraham

2297 4411 2387 4470 sit.

2200 4546 2315 4595 VII.
2354 4546 2544 4611 templo
2565 4547 2622 4597 J.
2671 4550 2883 4597 maius:
2910 4548 3035 4596 mul·

2132 4611 2196 4660 tis
2212 4612 2321 4662 rell.
2364 4612 2614 4677 principes
2622 4612 2745 4662 OEIJ
2753 4613 2850 4663 ΟΧ
2864 4614 3034 4663 nom.

2131 4692 2224 4726 om.
2265 4680 2335 4727 de
2377 4682 2615 4728 muliere
2651 4682 2910 4728 adultera
2949 4680 3031 4728 GU

2133 4739 2254 4792 0*x
2291 4743 2390 4793 cod.
2425 4751 2509 4808 ap.
2551 4742 2721 4794 Thone.
2787 4752 2898 4799 >se
2931 4761 3037 4794 esse

2133 4808 2297 4864 emo:
2331 4825 2427 4858 om.
2450 4824 2510 4859 se
2533 4809 2589 4859 J.

2200 4874 2346 4923 VIII.
2384 4879 2461 4923 stt
2483 4890 2593 4925 sea:
2628 4881 2677 4925 et
2700 4877 2754 4924 J.

3226 1405 3356 1452 runt
3384 1394 3442 1452 in
3473 1397 3748 1471 operibus
3778 1395 3927 1455 Iesu.

3145 1488 3310 1548 Idem
3362 1488 3591 1561 clamat,
3644 1489 3690 1547 si
3743 1490 3872 1566 quis
3930 1490 4043 1549 sitit

3224 1581 3421 1640 ueniat
3450 1595 3506 1642 et
3535 1583 3713 1642 bibat.

3142 1675 3297 1736 Cum
3327 1677 3601 1736 ministris
3630 1686 3687 1735 et
3710 1677 4041 1737 Nicodemo

3222 1772 3517 1849 principes
3545 1772 3916 1832 contendunt.

3142 1957 3234 2016 De
3269 1959 3510 2018 muliere
3541 1958 3816 2018 adultera.

3140 2448 3303 2509 Iesus
3332 2450 3530 2510 lumen
3568 2454 3771 2512 mundi
3811 2472 3873 2513 se
3911 2473 4040 2515 esse

3222 2561 3343 2603 non
3394 2546 3764 2607 credentibus
3814 2548 4042 2608 Iudaeis

3220 2639 3280 2696 in
3350 2640 3756 2718 gazophilacio
3820 2643 4040 2703 docens

3220 2733 3530 2809 praedicat.

3141 2825 3308 2884 VIII.
3354 2825 3517 2888 Iesus
3556 2828 3773 2887 docens
3802 2830 3861 2888 in
3895 2841 4039 2889 tem-

3221 2921 3321 2996 plo
3339 2921 3722 2998 interrogatur
3738 2935 3794 2982 et
3817 2925 4038 2983 initium

3222 3033 3285 3074 se
3315 3034 3443 3074 esse
3473 3016 3786 3091 respondit.

3139 3663 3320 3737 Quod
3362 3666 3555 3726 omnis
3605 3680 3877 3743 peccator
3919 3685 4039 3727 ser-

3218 3777 3329 3818 uus
3359 3761 3445 3820 sit.

3137 4213 3214 4273 Et
3242 4214 3316 4273 de
3345 4214 3641 4274 Abraham
3682 4216 3841 4293 quod
3881 4234 4039 4277 mor-

3221 4320 3353 4368 tuus
3384 4310 3456 4368 sit
3483 4321 3545 4396 et
3569 4309 3733 4369 Iesus
3762 4312 3917 4388 prior
3940 4312 4039 4371 illo

3221 4410 3311 4466 sit.
