4717 6400
1771 680 2298 746 SECUNDUM
2333 688 2556 748 IOHA
2570 688 2716 749 NN
2714 688 2859 748 EM

1009 840 1220 906 DffGQ
1241 858 1356 893 aur.
1379 861 1420 893 c.

793 933 1132 991 natatoriam
1188 936 1477 1011 piscinam
1526 938 1714 997 homi-

791 1042 928 1082 nem
957 1027 1033 1084 ab
1062 1027 1394 1090 infirmitate
1423 1050 1712 1092 annorum

789 1138 1033 1178 xxxum.

2149 859 2183 906 J
2206 859 2493 922 (capitula).

1901 946 2138 1008 homine
2182 951 2411 1010 infismo
2449 952 2549 1028 qui
2590 963 2823 1012 sanatus

1900 1052 2002 1100 est.

1817 1134 1924 1192 XI.
1989 1135 2080 1195 De
2135 1156 2207 1196 eo
2263 1140 2423 1216 quod
2481 1140 2631 1198 filius
2688 1140 2821 1200 facit

1898 1231 2042 1289 sicut
2071 1244 2127 1290 et
2156 1241 2320 1310 pater
2349 1244 2406 1292 et
2433 1235 2702 1294 uiuificat.

1814 1322 1888 1380 Et
1908 1324 1979 1382 de
2000 1328 2418 1387 resurrectione
2436 1339 2814 1388 mortuorum.

1809 1795 1947 1854 XII.
1993 1796 2111 1856 Ubi
2150 1800 2286 1857 dicit
2329 1817 2449 1858 non
2493 1818 2734 1878 possum
2779 1821 2813 1860 a

1890 1910 1984 1951 me
2012 1893 2202 1952 facere
2231 1895 2562 1971 quiequam.
2632 1897 2710 1954 Et
2739 1897 2811 1956 de

1892 1986 2156 2045 Iohanne
2206 1988 2341 2047 dicit
2390 1990 2526 2065 quia
2576 1990 2810 2050 lucerna

1888 2091 2022 2137 erat.

693 2424 832 2484 XII.
892 2426 983 2485 De
1014 2445 1090 2486 -υ-
1119 2430 1369 2504 panibus
1399 2433 1699 2493 ordeaceis
1804 2442 1971 2501 XIII.
2018 2444 2383 2523 Dequinque
2402 2448 2650 2524 panibus
2668 2448 2804 2507 hor-

775 2530 923 2579 et·11·
944 2521 1201 2598 piscibus
1217 2525 1316 2583 ubi
1335 2526 1540 2586 uolunt
1559 2546 1694 2586 eum
1884 2538 2111 2597 deaceis
2155 2552 2212 2598 et
2254 2542 2483 2600 duobus
2534 2542 2803 2618 piscibuS.

774 2621 971 2673 tenere
1010 2615 1070 2673 in
1111 2635 1309 2693 regem
1347 2628 1404 2678 et
1445 2621 1592 2696 sugit
1619 2623 1696 2680 ad
1881 2631 1954 2690 Et
1985 2635 2122 2709 quia
2149 2637 2507 2712 quaerebant
2547 2654 2680 2695 eum
2724 2636 2803 2695 sa-

772 2707 1091 2783 discipulos
1173 2730 1312 2771 suos
1388 2715 1693 2774 ambulans
1881 2745 2012 2786 cere
2042 2747 2258 2803 regem.

772 2819 943 2877 super
969 2820 1130 2861 mare
1163 2815 1217 2863 et
1240 2806 1385 2866 dixit
1416 2826 1530 2885 ego
1563 2828 1693 2868 sum
1798 2820 1999 2880 XIIII.
2070 2822 2189 2881 Ubi
2252 2834 2535 2883 uenerunt
2600 2825 2799 2884 turbae

770 2896 936 2972 panis
966 2898 1136 2955 uitae.
1878 2917 1936 2974 in
1987 2916 2037 2976 C
2041 2918 2405 2994 apharnaum
2457 2932 2799 2996 quaerentes

1880 3012 2106 3071 Iesum:
2173 3024 2230 3071 et
2284 3014 2424 3073 dicit
2489 3033 2602 3092 ego
2665 3034 2796 3074 sum

1879 3108 2045 3182 panis
2071 3108 2222 3165 uitae
2253 3110 2350 3184 qui
2391 3109 2465 3168 de
2494 3110 2657 3170 caelo
2696 3111 2795 3170 de-

1875 3203 2087 3261 scendi.

1788 3673 1920 3733 XV.
1965 3674 2084 3733 Ubi
2126 3676 2263 3735 dicit
2314 3678 2421 3735 nisi
2474 3678 2790 3737 manduca-

1870 3770 2061 3828 ueritis
2110 3789 2344 3829 carnem
2391 3771 2491 3829 filii
2542 3771 2791 3832 hominis

1869 3880 1987 3921 non
2022 3862 2308 3924 habebitis
2335 3866 2534 3924 uitam.

679 4228 849 4290 XIII.
893 4232 1043 4291 Cum
1064 4234 1260 4312 Aliqui
1285 4234 1356 4291 de
1380 4234 1678 4311 discipulis

758 4326 983 4385 abirent
1021 4337 1175 4407 retrq
1211 4327 1353 4385 dixit
1390 4330 1676 4406 numquid

759 4430 817 4477 et
842 4419 969 4478 Uos
997 4421 1168 4479 uultis
1196 4423 1295 4479 ire.

676 4509 877 4571 XIIII.
940 4513 1018 4573 Et
1075 4513 1359 4573 Dixerunt
1421 4515 1497 4574 ad
1555 4517 1674 4576 ihm

1782 4244 1859 4302 Et
1887 4246 2023 4321 quia
2055 4246 2282 4321 plurimi
2324 4247 2587 4324 discipuli
2629 4249 2781 4307 abie-

1866 4349 2000 4397 runt
2031 4350 2197 4400 retro.

1782 4526 1944 4585 XVI.
2010 4528 2126 4587 Ubi
2191 4528 2392 4589 fratres
2455 4529 2579 4588 eius
2640 4549 2779 4590 con-

1863 4622 2156 4697 pellebant
2197 4641 2333 4681 eum
2384 4624 2465 4680 ire
2508 4623 2583 4681 ad
2625 4625 2779 4683 diem

738 4742 830 4793 XI.
873 4744 1000 4797 >ab
1033 4743 1318 4795 infirmitate
1351 4745 1605 4797 hominem
1636 4765 1672 4797 c.

673 4816 952 4856 xxxun1÷
969 4811 1168 4858 sanauit
1192 4812 1239 4874 Q
1260 4827 1376 4858 aur.
1402 4828 1441 4859 c.

736 4873 856 4923 XII.
894 4873 1068 4923 hordei
1102 4876 1149 4924 G
1173 4892 1287 4925 aur.
1313 4893 1351 4924 c.
1421 4881 1673 4933 piscibus

684 4949 721 4987 -l-
736 4939 786 4986 in
802 4939 1016 5003 quinque
1035 4940 1175 4989 milia
1195 4943 1409 4991 uirorum
1429 4944 1477 4992 G
1496 4959 1612 4993 aur.
1631 4962 1669 4994 c.

672 5006 800 5052 ubi:
856 5013 905 5054 et
943 5020 981 5053 c.
1074 5006 1310 5055 uolebant
1367 5010 1414 5057 G
1470 5025 1588 5057 aur.
1633 5027 1671 5058 c.

670 5075 893 5119 tenere:
933 5078 984 5120 et
1018 5072 1244 5120 tenebrae
1277 5072 1423 5136 lapsu
1459 5075 1520 5137 Q.
1578 5090 1671 5124 om.

669 5137 731 5183 in
751 5150 792 5184 c.
848 5138 1000 5194 fugit
1015 5153 1048 5182 ψ
1065 5147 1114 5185 et
1140 5139 1211 5198 (4-
1229 5138 1311 5185 ubi
1333 5140 1380 5199 c)
1406 5140 1540 5188 uenit
1564 5140 1671 5189 rell.

667 5214 801 5248 suos
823 5216 918 5251 om.
941 5201 1047 5250 rell.
1116 5219 1265 5266 supra
1291 5204 1352 5266 Q.

734 5266 882 5315 XIII.
917 5270 1024 5315 de:
1057 5283 1118 5315 ex
1142 5268 1188 5317 G
1263 5271 1444 5317 dixit:
1483 5281 1673 5333 *petro

668 5329 747 5387 G;
798 5331 979 5381 ⁴iesus
1063 5340 1142 5382 tro
1162 5349 1277 5382 aur.
1302 5350 1340 5381 c.

732 5396 894 5446 XIIII
913 5404 962 5446 et
1028 5397 1074 5444 V
1091 5399 1150 5446 in
1173 5414 1338 5447 unum
1361 5401 1675 5462 coniungunt

669 5459 769 5525 GQ
789 5477 904 5510 aur.
924 5478 949 5510 c
969 5462 1058 5511 sub
1083 5478 1295 5512 numero
1319 5465 1494 5514 xlm.

3804 714 3929 780 497

3054 860 3105 909 K
3122 862 3279 911 Harl.
3309 874 3439 927 2790
3456 864 3619 914 Nanc.
3640 867 3818 916 Bamb.

3011 971 3290 1031 mumque
3348 975 3574 1016 xxxmn
3641 977 3929 1019 annorum

3008 1060 3287 1106 curatum.

2908 2455 3014 2514 XI.
3060 2457 3152 2517 De
3197 2460 3454 2540 quinque
3503 2465 3754 2539 panibus
3799 2468 3912 2545 sig-

2991 2570 3151 2610 num.

2906 2738 3042 2798 XII.
3086 2740 3187 2800 Ihs
3207 2743 3544 2803 ambulabat
3560 2765 3731 2824 super
3750 2767 3911 2810 mare

2986 2853 3055 2893 ac
3111 2835 3253 2894 dicit
3306 2836 3444 2897 ideo
3506 2840 3777 2903 descendi
3836 2846 3909 2904 de

2986 2928 3148 2989 caelo
3189 2943 3251 2988 ut
3293 2930 3499 2990 faciam
3544 2935 3906 2997 uoluntatem

2983 3023 3106 3081 eius
3134 3024 3236 3100 qui
3266 3042 3360 3084 me
3391 3027 3562 3086 misit.

2892 4247 3060 4307 XIII.
3128 4249 3243 4308 Ubi
3302 4251 3531 4312 dicente
3595 4254 3715 4312 dfio
3778 4273 3892 4330 ego

2971 4361 3101 4401 sum
3130 4346 3298 4421 panis
3328 4347 3481 4405 uitae
3508 4359 3567 4407 et
3595 4350 3695 4424 qui
3725 4366 3892 4407 man-

2969 4437 3141 4497 ducat
3179 4458 3274 4498 me
3314 4441 3473 4500 uiuet
3513 4453 3753 4520 propter
3793 4462 3892 4502 me

2969 4531 3133 4590 multi
3172 4533 3589 4611 disprulorum
3624 4537 3892 4596 abierunt

2966 4639 3133 4686 retr0.

2884 4762 3238 4875 BX.bxxulu
3280 4764 3466 4822 Harl.;
3519 4766 3723 4830 triginta
3769 4774 3885 4817 octo

2933 4844 3016 4874 am
3049 4868 3059 4878 .
3431 4841 3437 4846 '
