<?xml version="1.0" encoding="UTF-8"?>
<!DOCTYPE html PUBLIC "-//W3C//DTD XHTML 1.0 Transitional//EN"
    "http://www.w3.org/TR/xhtml1/DTD/xhtml1-transitional.dtd">
<html xmlns="http://www.w3.org/1999/xhtml" xml:lang="en" lang="en">
 <head>
  <title>
</title>
<meta http-equiv="Content-Type" content="text/html;charset=utf-8" />
  <meta name='ocr-system' content='tesseract 3.04.00' />
  <meta name='ocr-capabilities' content='ocr_page ocr_carea ocr_par ocr_line ocrx_word'/>
</head>
<body>
  <div class='ocr_page' id='page_1' title='image "./nouumtestamentu00whitgoog_0534.png"; bbox 0 0 4717 6400; ppageno 0'>
   <div class='ocr_carea' id='block_1_1' title="bbox 945 725 3462 802">
    <p class='ocr_par' dir='ltr' id='par_1_1' title="bbox 945 725 3462 802">
     <span class='ocr_line' id='line_1_1' title="bbox 945 725 3462 802; baseline 0.001 -14"><span class='ocrx_word' id='word_1_1' title='bbox 945 726 1073 802; x_wconf 90' lang='lat'><strong>488</strong></span> <span class='ocrx_word' id='word_1_2' title='bbox 1380 727 1564 787; x_wconf 82' lang='lat' dir='ltr'><strong>PRA</strong></span> <span class='ocrx_word' id='word_1_3' title='bbox 1577 728 1751 787; x_wconf 80' lang='lat' dir='ltr'><strong>EFA</strong></span> <span class='ocrx_word' id='word_1_4' title='bbox 1772 728 1872 787; x_wconf 86' lang='lat' dir='ltr'><strong>TI</strong></span> <span class='ocrx_word' id='word_1_5' title='bbox 1872 728 1924 787; x_wconf 90' lang='lat'><em>0</em></span> <span class='ocrx_word' id='word_1_6' title='bbox 1999 727 2173 786; x_wconf 86' lang='lat' dir='ltr'><strong>UEL</strong></span> <span class='ocrx_word' id='word_1_7' title='bbox 2237 726 2722 788; x_wconf 83' lang='lat' dir='ltr'><em>ARGUMEN</em></span> <span class='ocrx_word' id='word_1_8' title='bbox 2724 725 2922 786; x_wconf 85' lang='lat' dir='ltr'><strong>TUM</strong></span> <span class='ocrx_word' id='word_1_9' title='bbox 2984 726 3462 791; x_wconf 81' lang='lat' dir='ltr'><em>IOHANNIS.</em></span> 
     </span>
    </p>
   </div>
   <div class='ocr_carea' id='block_1_2' title="bbox 947 910 3960 1309">
    <p class='ocr_par' dir='ltr' id='par_1_2' title="bbox 947 910 3960 1309">
     <span class='ocr_line' id='line_1_2' title="bbox 947 910 3957 999; baseline 0 -22"><span class='ocrx_word' id='word_1_10' title='bbox 947 914 1266 979; x_wconf 90' lang='lat' dir='ltr'><strong>similiter.</strong></span> <span class='ocrx_word' id='word_1_11' title='bbox 1358 910 1447 977; x_wconf 93' lang='lat' dir='ltr'><strong>Et</strong></span> <span class='ocrx_word' id='word_1_12' title='bbox 1485 916 1538 979; x_wconf 90' lang='lat' dir='ltr'><strong>si</strong></span> <span class='ocrx_word' id='word_1_13' title='bbox 1574 935 1706 998; x_wconf 91' lang='lat' dir='ltr'><strong>qua</strong></span> <span class='ocrx_word' id='word_1_14' title='bbox 1746 914 1877 979; x_wconf 89' lang='lat' dir='ltr'><strong>alia</strong></span> <span class='ocrx_word' id='word_1_15' title='bbox 1915 924 2070 979; x_wconf 90' lang='lat' dir='ltr'><strong>sunt</strong></span> <span class='ocrx_word' id='word_1_16' title='bbox 2108 936 2280 999; x_wconf 91' lang='lat' dir='ltr'><strong>quae</strong></span> <span class='ocrx_word' id='word_1_17' title='bbox 2318 915 2543 980; x_wconf 90' lang='lat' dir='ltr'><strong>christi</strong></span> <span class='ocrx_word' id='word_1_18' title='bbox 2585 914 3001 979; x_wconf 86' lang='lat' dir='ltr'><strong>diuinitatem</strong></span> <span class='ocrx_word' id='word_1_19' title='bbox 3034 915 3101 977; x_wconf 88' lang='lat' dir='ltr'><strong>in</strong></span> <span class='ocrx_word' id='word_1_20' title='bbox 3140 934 3273 997; x_wconf 91' lang='lat' dir='ltr'><strong>qua</strong></span> <span class='ocrx_word' id='word_1_21' title='bbox 3312 914 3605 997; x_wconf 87' lang='lat' dir='ltr'><strong>aequalis</strong></span> <span class='ocrx_word' id='word_1_22' title='bbox 3645 924 3745 979; x_wconf 87' lang='lat' dir='ltr'><strong>est</strong></span> <span class='ocrx_word' id='word_1_23' title='bbox 3786 914 3957 998; x_wconf 90' lang='lat' dir='ltr'><strong>patri</strong></span> 
     </span>
     <span class='ocr_line' id='line_1_3' title="bbox 948 1017 3960 1102; baseline -0 -20"><span class='ocrx_word' id='word_1_24' title='bbox 948 1028 1126 1082; x_wconf 91' lang='lat' dir='ltr'><strong>recte</strong></span> <span class='ocrx_word' id='word_1_25' title='bbox 1149 1018 1660 1101; x_wconf 85' lang='lat' dir='ltr'><strong>intelligentibus</strong></span> <span class='ocrx_word' id='word_1_26' title='bbox 1690 1019 1955 1083; x_wconf 88' lang='lat' dir='ltr'><strong>intimet</strong></span> <span class='ocrx_word' id='word_1_27' title='bbox 1985 1039 2157 1102; x_wconf 89' lang='lat' dir='ltr'><strong>pene</strong></span> <span class='ocrx_word' id='word_1_28' title='bbox 2179 1018 2358 1083; x_wconf 90' lang='lat' dir='ltr'><strong>solus</strong></span> <span class='ocrx_word' id='word_1_29' title='bbox 2385 1017 2713 1083; x_wconf 87' lang='lat' dir='ltr'><strong>Iohannes</strong></span> <span class='ocrx_word' id='word_1_30' title='bbox 2743 1019 2810 1082; x_wconf 93' lang='lat' dir='ltr'><strong>in</strong></span> <span class='ocrx_word' id='word_1_31' title='bbox 2839 1039 2961 1082; x_wconf 90' lang='lat' dir='ltr'><strong>suo</strong></span> <span class='ocrx_word' id='word_1_32' title='bbox 2992 1017 3339 1101; x_wconf 91' lang='lat' dir='ltr'><strong>euangelio</strong></span> <span class='ocrx_word' id='word_1_33' title='bbox 3370 1019 3590 1102; x_wconf 87' lang='lat' dir='ltr'><strong>posuit</strong></span> <span class='ocrx_word' id='word_1_34' title='bbox 3613 1028 3960 1101; x_wconf 85' lang='lat' dir='ltr'><strong>tamquam</strong></span> 
     </span>
     <span class='ocr_line' id='line_1_4' title="bbox 949 1122 3959 1207; baseline -0 -21"><span class='ocrx_word' id='word_1_35' title='bbox 949 1123 1033 1186; x_wconf 94' lang='lat' dir='ltr'><strong>de</strong></span> <span class='ocrx_word' id='word_1_36' title='bbox 1079 1131 1345 1204; x_wconf 86' lang='lat' dir='ltr'><strong>pectore</strong></span> <span class='ocrx_word' id='word_1_37' title='bbox 1396 1123 1603 1205; x_wconf 89' lang='lat' dir='ltr'><strong>ipsius</strong></span> <span class='ocrx_word' id='word_1_38' title='bbox 1650 1123 1904 1186; x_wconf 90' lang='lat' dir='ltr'><strong>domini</strong></span> <span class='ocrx_word' id='word_1_39' title='bbox 1953 1144 2151 1207; x_wconf 91' lang='lat' dir='ltr'><strong>super</strong></span> <span class='ocrx_word' id='word_1_40' title='bbox 2196 1125 2373 1206; x_wconf 91' lang='lat' dir='ltr'><strong>quod</strong></span> <span class='ocrx_word' id='word_1_41' title='bbox 2423 1123 2838 1186; x_wconf 85' lang='lat' dir='ltr'><strong>discumbere</strong></span> <span class='ocrx_word' id='word_1_42' title='bbox 2882 1122 2949 1184; x_wconf 92' lang='lat' dir='ltr'><strong>in</strong></span> <span class='ocrx_word' id='word_1_43' title='bbox 2997 1122 3136 1185; x_wconf 92' lang='lat' dir='ltr'><strong>eius</strong></span> <span class='ocrx_word' id='word_1_44' title='bbox 3182 1122 3491 1186; x_wconf 90' lang='lat' dir='ltr'><strong>conuiuio</strong></span> <span class='ocrx_word' id='word_1_45' title='bbox 3535 1122 3768 1187; x_wconf 89' lang='lat' dir='ltr'><strong>solitus</strong></span> <span class='ocrx_word' id='word_1_46' title='bbox 3817 1132 3959 1186; x_wconf 79' lang='lat' dir='ltr'><strong>erat</strong></span> 
     </span>
     <span class='ocr_line' id='line_1_5' title="bbox 951 1225 3626 1309; baseline -0.001 -19"><span class='ocrx_word' id='word_1_47' title='bbox 951 1235 1276 1290; x_wconf 89' lang='lat' dir='ltr'><strong>secretum</strong></span> <span class='ocrx_word' id='word_1_48' title='bbox 1321 1226 1683 1290; x_wconf 90' lang='lat' dir='ltr'><strong>diuinitatis</strong></span> <span class='ocrx_word' id='word_1_49' title='bbox 1729 1228 1870 1291; x_wconf 90' lang='lat' dir='ltr'><strong>eius</strong></span> <span class='ocrx_word' id='word_1_50' title='bbox 1917 1228 2181 1291; x_wconf 89' lang='lat' dir='ltr'><strong>uberius</strong></span> <span class='ocrx_word' id='word_1_51' title='bbox 2228 1236 2296 1291; x_wconf 90' lang='lat' dir='ltr'><strong>et</strong></span> <span class='ocrx_word' id='word_1_52' title='bbox 2340 1228 2635 1309; x_wconf 90' lang='lat' dir='ltr'><strong>quodam</strong></span> <span class='ocrx_word' id='word_1_53' title='bbox 2680 1226 2883 1290; x_wconf 90' lang='lat' dir='ltr'><strong>modo</strong></span> <span class='ocrx_word' id='word_1_54' title='bbox 2925 1225 3307 1289; x_wconf 89' lang='lat' dir='ltr'><strong>familiarius</strong></span> <span class='ocrx_word' id='word_1_55' title='bbox 3350 1225 3626 1291; x_wconf 89' lang='lat' dir='ltr'><strong>biberet.</strong></span> 
     </span>
    </p>
   </div>
   <div class='ocr_carea' id='block_1_3' title="bbox 947 1328 4012 1512">
    <p class='ocr_par' dir='ltr' id='par_1_3' title="bbox 947 1328 4012 1512">
     <span class='ocr_line' id='line_1_6' title="bbox 1124 1328 4012 1414; baseline 0.001 -23"><span class='ocrx_word' id='word_1_56' title='bbox 1124 1328 1409 1393; x_wconf 87' lang='lat' dir='ltr'><strong>Proinde</strong></span> <span class='ocrx_word' id='word_1_57' title='bbox 1461 1350 1613 1393; x_wconf 88' lang='lat' dir='ltr'><strong>cum</strong></span> <span class='ocrx_word' id='word_1_58' title='bbox 1669 1332 1839 1395; x_wconf 86' lang='lat' dir='ltr'><strong>duae</strong></span> <span class='ocrx_word' id='word_1_59' title='bbox 1893 1332 2173 1395; x_wconf 88' lang='lat' dir='ltr'><strong>uirtutes</strong></span> <span class='ocrx_word' id='word_1_60' title='bbox 2225 1332 2605 1414; x_wconf 89' lang='lat' dir='ltr'><strong>propositae</strong></span> <span class='ocrx_word' id='word_1_61' title='bbox 2654 1331 2785 1395; x_wconf 90' lang='lat' dir='ltr'><strong>sint</strong></span> <span class='ocrx_word' id='word_1_62' title='bbox 2836 1330 3099 1393; x_wconf 89' lang='lat' dir='ltr'><strong>animae</strong></span> <span class='ocrx_word' id='word_1_63' title='bbox 3149 1330 3497 1406; x_wconf 85' lang='lat' dir='ltr'><strong>humanae,</strong></span> <span class='ocrx_word' id='word_1_64' title='bbox 3550 1351 3682 1395; x_wconf 91' lang='lat' dir='ltr'><strong>una</strong></span> <span class='ocrx_word' id='word_1_65' title='bbox 3741 1330 4012 1403; x_wconf 76' lang='lat' dir='ltr'><strong>actiuas</strong></span> 
     </span>
     <span class='ocr_line' id='line_1_7' title="bbox 947 1428 3978 1512; baseline 0 -20"><span class='ocrx_word' id='word_1_66' title='bbox 947 1429 1157 1492; x_wconf 89' lang='lat' dir='ltr'><strong>altera</strong></span> <span class='ocrx_word' id='word_1_67' title='bbox 1204 1429 1721 1510; x_wconf 89' lang='lat' dir='ltr'><strong>contemplatiua</strong></span> <span class='ocrx_word' id='word_1_68' title='bbox 1776 1430 1907 1508; x_wconf 56' lang='lat' dir='ltr'><strong>Illa⁴</strong></span> <span class='ocrx_word' id='word_1_69' title='bbox 1963 1450 2098 1512; x_wconf 89' lang='lat' dir='ltr'><strong>qua</strong></span> <span class='ocrx_word' id='word_1_70' title='bbox 2153 1430 2285 1493; x_wconf 92' lang='lat' dir='ltr'><strong>itur</strong></span> <span class='ocrx_word' id='word_1_71' title='bbox 2345 1430 2471 1493; x_wconf 90' lang='lat' dir='ltr'><strong>ista</strong></span> <span class='ocrx_word' id='word_1_72' title='bbox 2524 1450 2657 1512; x_wconf 90' lang='lat' dir='ltr'><strong>qua</strong></span> <span class='ocrx_word' id='word_1_73' title='bbox 2713 1428 3093 1512; x_wconf 89' lang='lat' dir='ltr'><strong>peruenitur</strong></span> <span class='ocrx_word' id='word_1_74' title='bbox 3144 1428 3258 1491; x_wconf 91' lang='lat' dir='ltr'><strong>illa</strong></span> <span class='ocrx_word' id='word_1_75' title='bbox 3308 1449 3442 1510; x_wconf 91' lang='lat' dir='ltr'><strong>qua</strong></span> <span class='ocrx_word' id='word_1_76' title='bbox 3496 1429 3834 1494; x_wconf 90' lang='lat' dir='ltr'><strong>laboratur</strong></span> <span class='ocrx_word' id='word_1_77' title='bbox 3885 1439 3978 1493; x_wconf 63' lang='lat' dir='ltr'><strong>ut⁴</strong></span> 
     </span>
    </p>
   </div>
   <div class='ocr_carea' id='block_1_4' title="bbox 950 1532 4052 3068">
    <p class='ocr_par' dir='ltr' id='par_1_4' title="bbox 950 1532 4052 3068">
     <span class='ocr_line' id='line_1_8' title="bbox 950 1532 3960 1615; baseline 0 -19"><span class='ocrx_word' id='word_1_78' title='bbox 950 1553 1064 1596; x_wconf 91' lang='lat' dir='ltr'><strong>cor</strong></span> <span class='ocrx_word' id='word_1_79' title='bbox 1109 1533 1462 1597; x_wconf 89' lang='lat' dir='ltr'><strong>mundetur</strong></span> <span class='ocrx_word' id='word_1_80' title='bbox 1506 1534 1591 1596; x_wconf 92' lang='lat' dir='ltr'><strong>ad</strong></span> <span class='ocrx_word' id='word_1_81' title='bbox 1637 1534 1999 1597; x_wconf 88' lang='lat' dir='ltr'><strong>uidendum</strong></span> <span class='ocrx_word' id='word_1_82' title='bbox 2046 1535 2247 1597; x_wconf 89' lang='lat' dir='ltr'><strong>deum</strong></span> <span class='ocrx_word' id='word_1_83' title='bbox 2295 1535 2424 1597; x_wconf 91' lang='lat' dir='ltr'><strong>ista</strong></span> <span class='ocrx_word' id='word_1_84' title='bbox 2467 1554 2598 1615; x_wconf 89' lang='lat' dir='ltr'><strong>qua</strong></span> <span class='ocrx_word' id='word_1_85' title='bbox 2645 1543 2919 1597; x_wconf 88' lang='lat' dir='ltr'><strong>uacatur</strong></span> <span class='ocrx_word' id='word_1_86' title='bbox 2957 1543 3025 1596; x_wconf 91' lang='lat' dir='ltr'><strong>et</strong></span> <span class='ocrx_word' id='word_1_87' title='bbox 3058 1532 3321 1595; x_wconf 89' lang='lat' dir='ltr'><strong>uidetur</strong></span> <span class='ocrx_word' id='word_1_88' title='bbox 3363 1533 3529 1597; x_wconf 89' lang='lat' dir='ltr'><strong>deus</strong></span> <span class='ocrx_word' id='word_1_89' title='bbox 3579 1532 3703 1597; x_wconf 92' lang='lat' dir='ltr'><strong>Illa</strong></span> <span class='ocrx_word' id='word_1_90' title='bbox 3747 1542 3848 1597; x_wconf 88' lang='lat' dir='ltr'><strong>est</strong></span> <span class='ocrx_word' id='word_1_91' title='bbox 3893 1533 3960 1596; x_wconf 89' lang='lat' dir='ltr'><strong>in</strong></span> 
     </span>
     <span class='ocr_line' id='line_1_9' title="bbox 951 1636 3962 1721; baseline 0.001 -24"><span class='ocrx_word' id='word_1_92' title='bbox 951 1637 1317 1720; x_wconf 89' lang='lat' dir='ltr'><strong>praeceptis</strong></span> <span class='ocrx_word' id='word_1_93' title='bbox 1358 1639 1766 1701; x_wconf 85' lang='lat' dir='ltr'><strong>exercendae</strong></span> <span class='ocrx_word' id='word_1_94' title='bbox 1813 1638 1989 1702; x_wconf 89' lang='lat' dir='ltr'><strong>uitae</strong></span> <span class='ocrx_word' id='word_1_95' title='bbox 2033 1636 2227 1700; x_wconf 89' lang='lat' dir='ltr'><strong>huius</strong></span> <span class='ocrx_word' id='word_1_96' title='bbox 2271 1637 2660 1721; x_wconf 88' lang='lat' dir='ltr'><strong>temporalis</strong></span> <span class='ocrx_word' id='word_1_97' title='bbox 2707 1638 2845 1701; x_wconf 91' lang='lat' dir='ltr'><strong>Ista</strong></span> <span class='ocrx_word' id='word_1_98' title='bbox 2889 1636 2954 1699; x_wconf 90' lang='lat' dir='ltr'><strong>in</strong></span> <span class='ocrx_word' id='word_1_99' title='bbox 3002 1637 3301 1700; x_wconf 88' lang='lat' dir='ltr'><strong>doctrina</strong></span> <span class='ocrx_word' id='word_1_100' title='bbox 3346 1636 3529 1701; x_wconf 89' lang='lat' dir='ltr'><strong>uitae</strong></span> <span class='ocrx_word' id='word_1_101' title='bbox 3572 1637 3745 1700; x_wconf 88' lang='lat' dir='ltr'><strong>illius</strong></span> <span class='ocrx_word' id='word_1_102' title='bbox 3789 1657 3962 1701; x_wconf 88' lang='lat' dir='ltr'><strong>sem-</strong></span> 
     </span>
     <span class='ocr_line' id='line_1_10' title="bbox 950 1738 3963 1824; baseline 0 -21"><span class='ocrx_word' id='word_1_103' title='bbox 950 1742 1259 1824; x_wconf 89' lang='lat' dir='ltr'><strong>piternae.</strong></span> <span class='ocrx_word' id='word_1_104' title='bbox 1350 1741 1460 1805; x_wconf 89' lang='lat' dir='ltr'><strong>Ac</strong></span> <span class='ocrx_word' id='word_1_105' title='bbox 1503 1762 1622 1823; x_wconf 89' lang='lat' dir='ltr'><strong>per</strong></span> <span class='ocrx_word' id='word_1_106' title='bbox 1664 1742 1788 1806; x_wconf 92' lang='lat' dir='ltr'><strong>hoc</strong></span> <span class='ocrx_word' id='word_1_107' title='bbox 1834 1740 1945 1806; x_wconf 90' lang='lat' dir='ltr'><strong>illa</strong></span> <span class='ocrx_word' id='word_1_108' title='bbox 1990 1750 2303 1824; x_wconf 88' lang='lat' dir='ltr'><strong>operatur</strong></span> <span class='ocrx_word' id='word_1_109' title='bbox 2346 1741 2474 1805; x_wconf 90' lang='lat' dir='ltr'><strong>ista</strong></span> <span class='ocrx_word' id='word_1_110' title='bbox 2527 1740 2875 1824; x_wconf 90' lang='lat' dir='ltr'><strong>requiescit</strong></span> <span class='ocrx_word' id='word_1_111' title='bbox 2925 1740 3080 1822; x_wconf 90' lang='lat' dir='ltr'><strong>quia</strong></span> <span class='ocrx_word' id='word_1_112' title='bbox 3132 1738 3243 1803; x_wconf 90' lang='lat' dir='ltr'><strong>illa</strong></span> <span class='ocrx_word' id='word_1_113' title='bbox 3298 1750 3398 1804; x_wconf 65' lang='lat' dir='ltr'><strong>est</strong></span> <span class='ocrx_word' id='word_1_114' title='bbox 3449 1742 3515 1804; x_wconf 92' lang='lat' dir='ltr'><strong>in</strong></span> <span class='ocrx_word' id='word_1_115' title='bbox 3568 1740 3963 1824; x_wconf 86' lang='lat' dir='ltr'><strong>purgatione</strong></span> 
     </span>
     <span class='ocr_line' id='line_1_11' title="bbox 951 1842 4051 1928; baseline -0 -22"><span class='ocrx_word' id='word_1_116' title='bbox 951 1853 1364 1927; x_wconf 86' lang='lat' dir='ltr'><strong>peccatorum</strong></span> <span class='ocrx_word' id='word_1_117' title='bbox 1418 1845 1554 1909; x_wconf 88' lang='lat' dir='ltr'><strong>Ista</strong></span> <span class='ocrx_word' id='word_1_118' title='bbox 1602 1846 1667 1909; x_wconf 92' lang='lat' dir='ltr'><strong>in</strong></span> <span class='ocrx_word' id='word_1_119' title='bbox 1713 1845 1960 1908; x_wconf 89' lang='lat' dir='ltr'><strong>lumine</strong></span> <span class='ocrx_word' id='word_1_120' title='bbox 2015 1853 2470 1928; x_wconf 84' lang='lat' dir='ltr'><strong>purgatorum.</strong></span> <span class='ocrx_word' id='word_1_121' title='bbox 2584 1844 2692 1908; x_wconf 90' lang='lat' dir='ltr'><strong>Ac</strong></span> <span class='ocrx_word' id='word_1_122' title='bbox 2746 1865 2863 1926; x_wconf 88' lang='lat' dir='ltr'><strong>per</strong></span> <span class='ocrx_word' id='word_1_123' title='bbox 2907 1844 3033 1908; x_wconf 92' lang='lat' dir='ltr'><strong>hoc</strong></span> <span class='ocrx_word' id='word_1_124' title='bbox 3079 1845 3143 1907; x_wconf 91' lang='lat' dir='ltr'><strong>in</strong></span> <span class='ocrx_word' id='word_1_125' title='bbox 3188 1843 3311 1908; x_wconf 90' lang='lat' dir='ltr'><strong>hac</strong></span> <span class='ocrx_word' id='word_1_126' title='bbox 3357 1845 3496 1908; x_wconf 91' lang='lat' dir='ltr'><strong>uita</strong></span> <span class='ocrx_word' id='word_1_127' title='bbox 3542 1843 3805 1909; x_wconf 90' lang='lat' dir='ltr'><strong>mortali</strong></span> <span class='ocrx_word' id='word_1_128' title='bbox 3850 1842 3961 1909; x_wconf 88' lang='lat' dir='ltr'><strong>illa</strong></span> <span class='ocrx_word' id='word_1_129' title='bbox 3986 1870 4051 1907; x_wconf 75' lang='grc' dir='ltr'><strong>ιο</strong></span> 
     </span>
     <span class='ocr_line' id='line_1_12' title="bbox 951 1940 3965 2032; baseline -0 -21"><span class='ocrx_word' id='word_1_130' title='bbox 951 1958 1050 2012; x_wconf 90' lang='lat' dir='ltr'><strong>est</strong></span> <span class='ocrx_word' id='word_1_131' title='bbox 1095 1948 1159 2010; x_wconf 91' lang='lat' dir='ltr'><strong>in</strong></span> <span class='ocrx_word' id='word_1_132' title='bbox 1205 1969 1403 2031; x_wconf 89' lang='lat' dir='ltr'><strong>opere</strong></span> <span class='ocrx_word' id='word_1_133' title='bbox 1447 1949 1660 2012; x_wconf 89' lang='lat' dir='ltr'><strong>bonae</strong></span> <span class='ocrx_word' id='word_1_134' title='bbox 1706 1950 2225 2013; x_wconf 89' lang='lat' dir='ltr'><strong>conuersationis</strong></span> <span class='ocrx_word' id='word_1_135' title='bbox 2277 1949 2416 2013; x_wconf 91' lang='lat' dir='ltr'><strong>Ista</strong></span> <span class='ocrx_word' id='word_1_136' title='bbox 2461 1969 2617 2013; x_wconf 89' lang='lat' dir='ltr'><strong>uero</strong></span> <span class='ocrx_word' id='word_1_137' title='bbox 2664 1940 2878 2031; x_wconf 80' lang='lat' dir='ltr'><strong>magis</strong></span> <span class='ocrx_word' id='word_1_138' title='bbox 2923 1949 2987 2010; x_wconf 92' lang='lat' dir='ltr'><strong>in</strong></span> <span class='ocrx_word' id='word_1_139' title='bbox 3033 1946 3164 2025; x_wconf 86' lang='lat' dir='ltr'><strong>fide</strong></span> <span class='ocrx_word' id='word_1_140' title='bbox 3208 1950 3386 2031; x_wconf 92' lang='lat' dir='ltr'><strong>apud</strong></span> <span class='ocrx_word' id='word_1_141' title='bbox 3426 1952 3803 2032; x_wconf 83' lang='lat' dir='ltr'><strong>&#39;perpaucos</strong></span> <span class='ocrx_word' id='word_1_142' title='bbox 3848 1968 3965 2030; x_wconf 89' lang='lat' dir='ltr'><strong>per</strong></span> 
     </span>
     <span class='ocr_line' id='line_1_13' title="bbox 951 2050 3960 2137; baseline -0.001 -22"><span class='ocrx_word' id='word_1_143' title='bbox 951 2051 1289 2132; x_wconf 88' lang='lat' dir='ltr'><strong>speculum</strong></span> <span class='ocrx_word' id='word_1_144' title='bbox 1351 2052 1415 2114; x_wconf 88' lang='lat' dir='ltr'><strong>in</strong></span> <span class='ocrx_word' id='word_1_145' title='bbox 1475 2052 1852 2136; x_wconf 86' lang='lat' dir='ltr'><strong>aenigmate</strong></span> <span class='ocrx_word' id='word_1_146' title='bbox 1914 2073 2002 2114; x_wconf 88' lang='lat' dir='ltr'><strong>ex</strong></span> <span class='ocrx_word' id='word_1_147' title='bbox 2054 2061 2245 2137; x_wconf 89' lang='lat' dir='ltr'><strong>parte</strong></span> <span class='ocrx_word' id='word_1_148' title='bbox 2311 2053 2378 2115; x_wconf 92' lang='lat' dir='ltr'><strong>in</strong></span> <span class='ocrx_word' id='word_1_149' title='bbox 2437 2051 2661 2134; x_wconf 89' lang='lat' dir='ltr'><strong>aliqua</strong></span> <span class='ocrx_word' id='word_1_150' title='bbox 2722 2052 2972 2115; x_wconf 90' lang='lat' dir='ltr'><strong>uisione</strong></span> <span class='ocrx_word' id='word_1_151' title='bbox 3031 2050 3587 2116; x_wconf 89' lang='lat' dir='ltr'><strong>incommutabilis</strong></span> <span class='ocrx_word' id='word_1_152' title='bbox 3640 2052 3960 2115; x_wconf 88' lang='lat' dir='ltr'><strong>ueritatis.</strong></span> 
     </span>
     <span class='ocr_line' id='line_1_14' title="bbox 957 2154 3958 2239; baseline 0.001 -23"><span class='ocrx_word' id='word_1_153' title='bbox 957 2154 1111 2219; x_wconf 87' lang='lat' dir='ltr'><strong>Hae</strong></span> <span class='ocrx_word' id='word_1_154' title='bbox 1169 2157 1340 2219; x_wconf 90' lang='lat' dir='ltr'><strong>duae</strong></span> <span class='ocrx_word' id='word_1_155' title='bbox 1394 2155 1670 2219; x_wconf 88' lang='lat' dir='ltr'><strong>uirtutes</strong></span> <span class='ocrx_word' id='word_1_156' title='bbox 1723 2157 1788 2219; x_wconf 92' lang='lat' dir='ltr'><strong>in</strong></span> <span class='ocrx_word' id='word_1_157' title='bbox 1839 2157 2082 2238; x_wconf 90' lang='lat' dir='ltr'><strong>quibus</strong></span> <span class='ocrx_word' id='word_1_158' title='bbox 2127 2155 2448 2219; x_wconf 85' lang='lat' dir='ltr'><strong>uxoribus</strong></span> <span class='ocrx_word' id='word_1_159' title='bbox 2495 2156 2683 2219; x_wconf 90' lang='lat' dir='ltr'><strong>iacob</strong></span> <span class='ocrx_word' id='word_1_160' title='bbox 2728 2154 3049 2239; x_wconf 84' lang='lat' dir='ltr'><strong>figuratae</strong></span> <span class='ocrx_word' id='word_1_161' title='bbox 3094 2155 3542 2237; x_wconf 87' lang='lat' dir='ltr'><strong>intelliguntur</strong></span> <span class='ocrx_word' id='word_1_162' title='bbox 3588 2155 3675 2219; x_wconf 89' lang='lat' dir='ltr'><strong>de</strong></span> <span class='ocrx_word' id='word_1_163' title='bbox 3720 2156 3958 2237; x_wconf 87' lang='lat' dir='ltr'><strong>quibus</strong></span> 
     </span>
     <span class='ocr_line' id='line_1_15' title="bbox 951 2256 3965 2343; baseline 0 -22"><span class='ocrx_word' id='word_1_164' title='bbox 951 2259 1269 2322; x_wconf 90' lang='lat' dir='ltr'><strong>aduersus</strong></span> <span class='ocrx_word' id='word_1_165' title='bbox 1317 2259 1634 2323; x_wconf 88' lang='lat' dir='ltr'><strong>Faustum</strong></span> <span class='ocrx_word' id='word_1_166' title='bbox 1687 2259 2103 2323; x_wconf 88' lang='lat' dir='ltr'><strong>manicheum</strong></span> <span class='ocrx_word' id='word_1_167' title='bbox 2165 2279 2286 2343; x_wconf 90' lang='lat' dir='ltr'><strong>pro</strong></span> <span class='ocrx_word' id='word_1_168' title='bbox 2348 2258 2621 2323; x_wconf 92' lang='lat' dir='ltr'><strong>modolo</strong></span> <span class='ocrx_word' id='word_1_169' title='bbox 2683 2279 2834 2322; x_wconf 88' lang='lat' dir='ltr'><strong>meo</strong></span> <span class='ocrx_word' id='word_1_170' title='bbox 2888 2267 3211 2340; x_wconf 88' lang='lat' dir='ltr'><strong>quantum</strong></span> <span class='ocrx_word' id='word_1_171' title='bbox 3272 2256 3364 2321; x_wconf 91' lang='lat' dir='ltr'><strong>illi</strong></span> <span class='ocrx_word' id='word_1_172' title='bbox 3426 2259 3607 2342; x_wconf 90' lang='lat' dir='ltr'><strong>operi</strong></span> <span class='ocrx_word' id='word_1_173' title='bbox 3669 2259 3965 2323; x_wconf 86' lang='lat' dir='ltr'><strong>sufficere</strong></span> 
     </span>
     <span class='ocr_line' id='line_1_16' title="bbox 951 2361 4048 2446; baseline 0.001 -22"><span class='ocrx_word' id='word_1_174' title='bbox 951 2362 1300 2426; x_wconf 90' lang='lat' dir='ltr'><strong>uidebatur</strong></span> <span class='ocrx_word' id='word_1_175' title='bbox 1342 2363 1636 2426; x_wconf 88' lang='lat' dir='ltr'><strong>disserui.</strong></span> <span class='ocrx_word' id='word_1_176' title='bbox 1750 2363 1873 2426; x_wconf 91' lang='lat' dir='ltr'><strong>Lia</strong></span> <span class='ocrx_word' id='word_1_177' title='bbox 1924 2363 2169 2446; x_wconf 90' lang='lat' dir='ltr'><strong>quippe</strong></span> <span class='ocrx_word' id='word_1_178' title='bbox 2222 2362 2730 2445; x_wconf 88' lang='lat' dir='ltr'><strong>interpraetatur</strong></span> <span class='ocrx_word' id='word_1_179' title='bbox 2781 2361 3088 2426; x_wconf 88' lang='lat' dir='ltr'><strong>laborans</strong></span> <span class='ocrx_word' id='word_1_180' title='bbox 3143 2362 3395 2426; x_wconf 90' lang='lat' dir='ltr'><strong>Rachel</strong></span> <span class='ocrx_word' id='word_1_181' title='bbox 3456 2372 3683 2426; x_wconf 86' lang='lat' dir='ltr'><strong>autem</strong></span> <span class='ocrx_word' id='word_1_182' title='bbox 3744 2363 3961 2426; x_wconf 87' lang='lat' dir='ltr'><strong>uisum</strong></span> <span class='ocrx_word' id='word_1_183' title='bbox 3988 2376 4048 2428; x_wconf 80' lang='lat'><strong>¹5</strong></span> 
     </span>
     <span class='ocr_line' id='line_1_17' title="bbox 951 2464 3965 2550; baseline 0 -22"><span class='ocrx_word' id='word_1_184' title='bbox 951 2466 1365 2550; x_wconf 89' lang='lat' dir='ltr'><strong>principium.</strong></span> <span class='ocrx_word' id='word_1_185' title='bbox 1458 2466 1570 2529; x_wconf 88' lang='lat' dir='ltr'><strong>Ex</strong></span> <span class='ocrx_word' id='word_1_186' title='bbox 1617 2487 1751 2548; x_wconf 91' lang='lat' dir='ltr'><strong>quo</strong></span> <span class='ocrx_word' id='word_1_187' title='bbox 1797 2467 2251 2549; x_wconf 91' lang='lat' dir='ltr'><strong>intelliguntur</strong></span> <span class='ocrx_word' id='word_1_188' title='bbox 2294 2468 2349 2531; x_wconf 89' lang='lat' dir='ltr'><strong>si</strong></span> <span class='ocrx_word' id='word_1_189' title='bbox 2395 2464 2748 2550; x_wconf 90' lang='lat' dir='ltr'><strong>diligenter</strong></span> <span class='ocrx_word' id='word_1_190' title='bbox 2792 2468 3098 2530; x_wconf 88' lang='lat' dir='ltr'><strong>aduertas</strong></span> <span class='ocrx_word' id='word_1_191' title='bbox 3142 2475 3276 2529; x_wconf 91' lang='lat' dir='ltr'><strong>tres</strong></span> <span class='ocrx_word' id='word_1_192' title='bbox 3318 2466 3757 2548; x_wconf 89' lang='lat' dir='ltr'><strong>euangelistas</strong></span> <span class='ocrx_word' id='word_1_193' title='bbox 3798 2475 3965 2530; x_wconf 89' lang='lat' dir='ltr'><strong>tem-</strong></span> 
     </span>
     <span class='ocr_line' id='line_1_18' title="bbox 950 2569 3964 2654; baseline 0 -22"><span class='ocrx_word' id='word_1_194' title='bbox 950 2569 1201 2654; x_wconf 87' lang='lat' dir='ltr'><strong>poralia</strong></span> <span class='ocrx_word' id='word_1_195' title='bbox 1226 2570 1431 2633; x_wconf 89' lang='lat' dir='ltr'><strong>Facta</strong></span> <span class='ocrx_word' id='word_1_196' title='bbox 1453 2570 1702 2634; x_wconf 91' lang='lat' dir='ltr'><strong>domini</strong></span> <span class='ocrx_word' id='word_1_197' title='bbox 1729 2582 1795 2634; x_wconf 94' lang='lat' dir='ltr'><strong>et</strong></span> <span class='ocrx_word' id='word_1_198' title='bbox 1826 2572 2008 2635; x_wconf 89' lang='lat' dir='ltr'><strong>dicta</strong></span> <span class='ocrx_word' id='word_1_199' title='bbox 2040 2590 2211 2652; x_wconf 91' lang='lat' dir='ltr'><strong>quae</strong></span> <span class='ocrx_word' id='word_1_200' title='bbox 2241 2571 2327 2634; x_wconf 91' lang='lat' dir='ltr'><strong>ad</strong></span> <span class='ocrx_word' id='word_1_201' title='bbox 2358 2569 2813 2634; x_wconf 88' lang='lat' dir='ltr'><strong>informandos</strong></span> <span class='ocrx_word' id='word_1_202' title='bbox 2836 2589 3052 2632; x_wconf 91' lang='lat' dir='ltr'><strong>mores</strong></span> <span class='ocrx_word' id='word_1_203' title='bbox 3075 2570 3250 2632; x_wconf 90' lang='lat' dir='ltr'><strong>uitae</strong></span> <span class='ocrx_word' id='word_1_204' title='bbox 3283 2570 3646 2653; x_wconf 87' lang='lat' dir='ltr'><strong>praesentis</strong></span> <span class='ocrx_word' id='word_1_205' title='bbox 3669 2571 3964 2633; x_wconf 88' lang='lat' dir='ltr'><strong>maxime</strong></span> 
     </span>
     <span class='ocr_line' id='line_1_19' title="bbox 953 2672 3961 2758; baseline -0.001 -21"><span class='ocrx_word' id='word_1_206' title='bbox 953 2673 1248 2738; x_wconf 89' lang='lat' dir='ltr'><strong>ualerent</strong></span> <span class='ocrx_word' id='word_1_207' title='bbox 1305 2675 1632 2758; x_wconf 88' lang='lat' dir='ltr'><strong>copiosius</strong></span> <span class='ocrx_word' id='word_1_208' title='bbox 1694 2685 2149 2758; x_wconf 79' lang='lat' dir='ltr'><strong>persequutuS,</strong></span> <span class='ocrx_word' id='word_1_209' title='bbox 2205 2674 2375 2738; x_wconf 92' lang='lat' dir='ltr'><strong>circa</strong></span> <span class='ocrx_word' id='word_1_210' title='bbox 2433 2672 2613 2737; x_wconf 90' lang='lat' dir='ltr'><strong>illam</strong></span> <span class='ocrx_word' id='word_1_211' title='bbox 2672 2675 2960 2738; x_wconf 91' lang='lat' dir='ltr'><strong>actiuam</strong></span> <span class='ocrx_word' id='word_1_212' title='bbox 3020 2674 3333 2737; x_wconf 91' lang='lat' dir='ltr'><strong>uirtutem</strong></span> <span class='ocrx_word' id='word_1_213' title='bbox 3393 2674 3590 2737; x_wconf 89' lang='lat' dir='ltr'><strong>fuisse</strong></span> <span class='ocrx_word' id='word_1_214' title='bbox 3643 2681 3961 2737; x_wconf 80' lang='lat' dir='ltr'><strong>uersatOS.</strong></span> 
     </span>
     <span class='ocr_line' id='line_1_20' title="bbox 956 2777 3961 2861; baseline 0 -20"><span class='ocrx_word' id='word_1_215' title='bbox 956 2777 1315 2842; x_wconf 90' lang='lat' dir='ltr'><strong>Iohannem</strong></span> <span class='ocrx_word' id='word_1_216' title='bbox 1378 2798 1535 2842; x_wconf 88' lang='lat' dir='ltr'><strong>uero</strong></span> <span class='ocrx_word' id='word_1_217' title='bbox 1594 2778 1769 2842; x_wconf 88' lang='lat' dir='ltr'><strong>facta</strong></span> <span class='ocrx_word' id='word_1_218' title='bbox 1829 2779 2085 2845; x_wconf 88' lang='lat' dir='ltr'><strong>domini</strong></span> <span class='ocrx_word' id='word_1_219' title='bbox 2149 2777 2364 2842; x_wconf 89' lang='lat' dir='ltr'><strong>multo</strong></span> <span class='ocrx_word' id='word_1_220' title='bbox 2422 2779 2731 2861; x_wconf 89' lang='lat' dir='ltr'><strong>pauciora</strong></span> <span class='ocrx_word' id='word_1_221' title='bbox 2790 2786 3180 2854; x_wconf 90' lang='lat' dir='ltr'><strong>narrantem,</strong></span> <span class='ocrx_word' id='word_1_222' title='bbox 3241 2778 3418 2841; x_wconf 90' lang='lat' dir='ltr'><strong>dicta</strong></span> <span class='ocrx_word' id='word_1_223' title='bbox 3471 2797 3629 2841; x_wconf 92' lang='lat' dir='ltr'><strong>uero</strong></span> <span class='ocrx_word' id='word_1_224' title='bbox 3690 2778 3829 2841; x_wconf 91' lang='lat' dir='ltr'><strong>eius</strong></span> <span class='ocrx_word' id='word_1_225' title='bbox 3882 2798 3961 2841; x_wconf 90' lang='lat' dir='ltr'><strong>ea</strong></span> 
     </span>
     <span class='ocr_line' id='line_1_21' title="bbox 952 2880 4052 2965; baseline 0.001 -21"><span class='ocrx_word' id='word_1_226' title='bbox 952 2883 1337 2964; x_wconf 88' lang='lat' dir='ltr'><strong>praesertim</strong></span> <span class='ocrx_word' id='word_1_227' title='bbox 1400 2903 1571 2965; x_wconf 89' lang='lat' dir='ltr'><strong>quae</strong></span> <span class='ocrx_word' id='word_1_228' title='bbox 1637 2883 1953 2946; x_wconf 89' lang='lat' dir='ltr'><strong>trinitatis</strong></span> <span class='ocrx_word' id='word_1_229' title='bbox 2021 2883 2344 2946; x_wconf 88' lang='lat' dir='ltr'><strong>unitatem</strong></span> <span class='ocrx_word' id='word_1_230' title='bbox 2409 2891 2478 2945; x_wconf 92' lang='lat' dir='ltr'><strong>et</strong></span> <span class='ocrx_word' id='word_1_231' title='bbox 2541 2881 2716 2945; x_wconf 89' lang='lat' dir='ltr'><strong>uitae</strong></span> <span class='ocrx_word' id='word_1_232' title='bbox 2777 2890 3084 2944; x_wconf 87' lang='lat' dir='ltr'><strong>aeternae</strong></span> <span class='ocrx_word' id='word_1_233' title='bbox 3144 2880 3529 2945; x_wconf 88' lang='lat' dir='ltr'><strong>felicitatem</strong></span> <span class='ocrx_word' id='word_1_234' title='bbox 3588 2882 3655 2943; x_wconf 90' lang='lat' dir='ltr'><strong>in</strong></span> <span class='ocrx_word' id='word_1_235' title='bbox 3715 2882 3961 2946; x_wconf 88' lang='lat' dir='ltr'><strong>uirtute</strong></span> <span class='ocrx_word' id='word_1_236' title='bbox 3986 2901 4052 2938; x_wconf 79' lang='lat'><strong>²0</strong></span> 
     </span>
     <span class='ocr_line' id='line_1_22' title="bbox 953 2985 3874 3068; baseline -0 -18"><span class='ocrx_word' id='word_1_237' title='bbox 953 2986 1468 3067; x_wconf 90' lang='lat' dir='ltr'><strong>contemplatiua</strong></span> <span class='ocrx_word' id='word_1_238' title='bbox 1499 2986 2122 3063; x_wconf 89' lang='lat' dir='ltr'><strong>commendandam,</strong></span> <span class='ocrx_word' id='word_1_239' title='bbox 2156 3005 2345 3049; x_wconf 89' lang='lat' dir='ltr'><strong>suam</strong></span> <span class='ocrx_word' id='word_1_240' title='bbox 2380 2985 2814 3049; x_wconf 90' lang='lat' dir='ltr'><strong>intentionem</strong></span> <span class='ocrx_word' id='word_1_241' title='bbox 2851 2985 3543 3068; x_wconf 88' lang='lat' dir='ltr'><strong>praedicationemque</strong></span> <span class='ocrx_word' id='word_1_242' title='bbox 3573 2986 3874 3050; x_wconf 89' lang='lat' dir='ltr'><strong>tenuisse.</strong></span> 
     </span>
    </p>
   </div>
   <div class='ocr_carea' id='block_1_5' title="bbox 1018 3155 3958 3691">
    <p class='ocr_par' dir='ltr' id='par_1_5' title="bbox 1023 3155 3109 3224">
     <span class='ocr_line' id='line_1_23' title="bbox 1023 3155 3109 3224; baseline 0 -19"><span class='ocrx_word' id='word_1_243' title='bbox 1023 3170 1065 3205; x_wconf 82' lang='lat'>2.</span> <span class='ocrx_word' id='word_1_244' title='bbox 1104 3157 1425 3222; x_wconf 84' lang='lat' dir='ltr'><strong>&gt;euangelio</strong></span> <span class='ocrx_word' id='word_1_245' title='bbox 1449 3173 1539 3208; x_wconf 84' lang='lat' dir='ltr'><strong>sno</strong></span> <span class='ocrx_word' id='word_1_246' title='bbox 1564 3159 1696 3222; x_wconf 79' lang='lat' dir='ltr'><strong>Aug.</strong></span> <span class='ocrx_word' id='word_1_247' title='bbox 1749 3163 2038 3218; x_wconf 73' lang='lat' dir='ltr'><strong>tamquam</strong></span> <span class='ocrx_word' id='word_1_248' title='bbox 2054 3173 2090 3210; x_wconf 72' lang='lat'>4</span> <span class='ocrx_word' id='word_1_249' title='bbox 2106 3157 2190 3224; x_wconf 90' lang='lat' dir='ltr'><strong>qui</strong></span> <span class='ocrx_word' id='word_1_250' title='bbox 2216 3160 2354 3222; x_wconf 77' lang='lat' dir='ltr'><strong>Aug.</strong></span> <span class='ocrx_word' id='word_1_251' title='bbox 2635 3171 2708 3221; x_wconf 88' lang='lat'><strong>14.</strong></span> <span class='ocrx_word' id='word_1_252' title='bbox 2745 3155 2953 3206; x_wconf 86' lang='lat' dir='ltr'><strong>modulo</strong></span> <span class='ocrx_word' id='word_1_253' title='bbox 2975 3157 3109 3220; x_wconf 80' lang='lat' dir='ltr'><strong>Aug.</strong></span> 
     </span>
    </p>

    <p class='ocr_par' dir='ltr' id='par_1_6' title="bbox 1019 3233 3746 3300">
     <span class='ocr_line' id='line_1_24' title="bbox 1019 3233 3746 3300; baseline 0 -14"><span class='ocrx_word' id='word_1_254' title='bbox 1019 3249 1067 3298; x_wconf 85' lang='lat'>4.</span> <span class='ocrx_word' id='word_1_255' title='bbox 1101 3235 1283 3285; x_wconf 87' lang='lat' dir='ltr'><strong>biberit</strong></span> <span class='ocrx_word' id='word_1_256' title='bbox 1305 3239 1439 3300; x_wconf 74' lang='lat' dir='ltr'><strong>Aug.</strong></span> <span class='ocrx_word' id='word_1_257' title='bbox 2506 3239 2513 3246; x_wconf 88' lang='lat'><em>&#39;</em></span> <span class='ocrx_word' id='word_1_258' title='bbox 2635 3235 2709 3286; x_wconf 88' lang='lat'><strong>16.</strong></span> <span class='ocrx_word' id='word_1_259' title='bbox 2744 3238 3174 3293; x_wconf 71' lang='lat' dir='ltr'><strong>intelliguntur:</strong></span> <span class='ocrx_word' id='word_1_260' title='bbox 3208 3233 3422 3300; x_wconf 83' lang='lat' dir='ltr'><strong>intelligi</strong></span> <span class='ocrx_word' id='word_1_261' title='bbox 3443 3236 3588 3286; x_wconf 76' lang='lat' dir='ltr'><strong>datur</strong></span> <span class='ocrx_word' id='word_1_262' title='bbox 3609 3238 3746 3300; x_wconf 80' lang='lat' dir='ltr'><strong>Aug.</strong></span> 
     </span>
    </p>

    <p class='ocr_par' dir='ltr' id='par_1_7' title="bbox 1019 3311 3160 3378">
     <span class='ocr_line' id='line_1_25' title="bbox 1019 3311 3160 3378; baseline 0 -16"><span class='ocrx_word' id='word_1_263' title='bbox 1019 3328 1066 3376; x_wconf 89' lang='lat'><strong>5.</strong></span> <span class='ocrx_word' id='word_1_264' title='bbox 1100 3329 1252 3378; x_wconf 89' lang='lat' dir='ltr'><strong>quum</strong></span> <span class='ocrx_word' id='word_1_265' title='bbox 1275 3315 1337 3363; x_wconf 89' lang='grc' dir='ltr'><strong>Θ.</strong></span> <span class='ocrx_word' id='word_1_266' title='bbox 1404 3315 1593 3364; x_wconf 67' lang='lat' dir='ltr'><strong>anlmae</strong></span> <span class='ocrx_word' id='word_1_267' title='bbox 1618 3314 1688 3366; x_wconf 88' lang='lat' dir='ltr'><strong>H.</strong></span> <span class='ocrx_word' id='word_1_268' title='bbox 2636 3325 2710 3378; x_wconf 83' lang='lat'>17.</span> <span class='ocrx_word' id='word_1_269' title='bbox 2745 3311 3064 3362; x_wconf 82' lang='lat' dir='ltr'><strong>infirmandos</strong></span> <span class='ocrx_word' id='word_1_270' title='bbox 3089 3312 3160 3363; x_wconf 88' lang='lat' dir='ltr'><strong>H.</strong></span> 
     </span>
    </p>

    <p class='ocr_par' dir='ltr' id='par_1_8' title="bbox 1018 3389 3181 3458">
     <span class='ocr_line' id='line_1_26' title="bbox 1018 3389 3181 3458; baseline -0 -18"><span class='ocrx_word' id='word_1_271' title='bbox 1018 3389 1066 3440; x_wconf 87' lang='lat'>6.</span> <span class='ocrx_word' id='word_1_272' title='bbox 1098 3407 1212 3450; x_wconf 71' lang='lat' dir='ltr'><strong>qun.</strong></span> <span class='ocrx_word' id='word_1_273' title='bbox 1224 3399 1339 3457; x_wconf 64' lang='lat' dir='ltr'><strong>pn:</strong></span> <span class='ocrx_word' id='word_1_274' title='bbox 1375 3408 1500 3457; x_wconf 77' lang='lat' dir='ltr'><strong>qnae</strong></span> <span class='ocrx_word' id='word_1_275' title='bbox 1524 3393 1609 3453; x_wconf 90' lang='lat' dir='ltr'><strong>H;</strong></span> <span class='ocrx_word' id='word_1_276' title='bbox 1642 3408 1728 3442; x_wconf 80' lang='lat' dir='ltr'><strong>sec.</strong></span> <span class='ocrx_word' id='word_1_277' title='bbox 1752 3407 1852 3458; x_wconf 82' lang='lat' dir='ltr'><strong>quo</strong></span> <span class='ocrx_word' id='word_1_278' title='bbox 1877 3393 1948 3441; x_wconf 91' lang='lat' dir='ltr'><strong>H.</strong></span> <span class='ocrx_word' id='word_1_279' title='bbox 2634 3393 2709 3441; x_wconf 91' lang='lat'><strong>18.</strong></span> <span class='ocrx_word' id='word_1_280' title='bbox 2743 3397 3023 3457; x_wconf 75' lang='lat' dir='ltr'><strong>persecutos</strong></span> <span class='ocrx_word' id='word_1_281' title='bbox 3045 3391 3181 3455; x_wconf 80' lang='lat' dir='ltr'><strong>Aug.</strong></span> 
     </span>
    </p>

    <p class='ocr_par' dir='ltr' id='par_1_9' title="bbox 1023 3468 3958 3691">
     <span class='ocr_line' id='line_1_27' title="bbox 1024 3468 3956 3535; baseline 0.002 -19"><span class='ocrx_word' id='word_1_282' title='bbox 1024 3482 1044 3516; x_wconf 93' lang='lat'>1</span> <span class='ocrx_word' id='word_1_283' title='bbox 1059 3483 1099 3520; x_wconf 89' lang='lat'>1.</span> <span class='ocrx_word' id='word_1_284' title='bbox 1133 3473 1246 3520; x_wconf 81' lang='lat' dir='ltr'><strong>fide</strong></span> <span class='ocrx_word' id='word_1_285' title='bbox 1262 3484 1296 3519; x_wconf 62' lang='grc'><strong>4-</strong></span> <span class='ocrx_word' id='word_1_286' title='bbox 1312 3479 1361 3519; x_wconf 84' lang='lat' dir='ltr'><strong>et</strong></span> <span class='ocrx_word' id='word_1_287' title='bbox 1382 3473 1518 3535; x_wconf 81' lang='lat' dir='ltr'><strong>Aug.</strong></span> <span class='ocrx_word' id='word_1_288' title='bbox 2631 3484 2707 3520; x_wconf 61' lang='grc' dir='ltr'><strong>πο.</strong></span> <span class='ocrx_word' id='word_1_289' title='bbox 2741 3475 2968 3518; x_wconf 74' lang='lat' dir='ltr'><strong>aeternae</strong></span> <span class='ocrx_word' id='word_1_290' title='bbox 2999 3468 3284 3519; x_wconf 76' lang='lat' dir='ltr'><strong>felicitatem</strong></span> <span class='ocrx_word' id='word_1_291' title='bbox 3318 3468 3633 3531; x_wconf 75' lang='lat' dir='ltr'><strong>insinuarent,</strong></span> <span class='ocrx_word' id='word_1_292' title='bbox 3669 3469 3956 3535; x_wconf 77' lang='lat' dir='ltr'><strong>diligentius</strong></span> 
     </span>
     <span class='ocr_line' id='line_1_28' title="bbox 1023 3547 3958 3615; baseline 0.002 -21"><span class='ocrx_word' id='word_1_293' title='bbox 1023 3559 1097 3597; x_wconf 88' lang='lat'><strong>12.</strong></span> <span class='ocrx_word' id='word_1_294' title='bbox 1134 3552 1450 3606; x_wconf 71' lang='lat' dir='ltr'><strong>aenigmate</strong></span> <span class='ocrx_word' id='word_1_295' title='bbox 1464 3562 1501 3598; x_wconf 69' lang='grc' dir='ltr'><strong>-ι-</strong></span> <span class='ocrx_word' id='word_1_296' title='bbox 1516 3557 1564 3598; x_wconf 91' lang='lat' dir='ltr'><strong>et</strong></span> <span class='ocrx_word' id='word_1_297' title='bbox 1585 3551 1720 3613; x_wconf 82' lang='lat' dir='ltr'><strong>Aug.</strong></span> <span class='ocrx_word' id='word_1_298' title='bbox 2400 3566 2410 3576; x_wconf 91' lang='lat'><strong>·</strong></span> <span class='ocrx_word' id='word_1_299' title='bbox 2561 3553 2612 3597; x_wconf 90' lang='lat' dir='ltr'><strong>et</strong></span> <span class='ocrx_word' id='word_1_300' title='bbox 2634 3547 2829 3597; x_wconf 86' lang='lat' dir='ltr'><strong>uberius</strong></span> <span class='ocrx_word' id='word_1_301' title='bbox 2851 3547 3252 3608; x_wconf 85' lang='lat' dir='ltr'><strong>conscribentem,</strong></span> <span class='ocrx_word' id='word_1_302' title='bbox 3276 3549 3329 3596; x_wconf 90' lang='lat' dir='ltr'><strong>in</strong></span> <span class='ocrx_word' id='word_1_303' title='bbox 3358 3548 3541 3597; x_wconf 87' lang='lat' dir='ltr'><strong>uirtute</strong></span> <span class='ocrx_word' id='word_1_304' title='bbox 3571 3549 3958 3615; x_wconf 75' lang='lat' dir='ltr'><strong>contemplatiua</strong></span> 
     </span>
     <span class='ocr_line' id='line_1_29' title="bbox 1023 3623 3735 3691; baseline 0.002 -19"><span class='ocrx_word' id='word_1_305' title='bbox 1023 3638 1098 3686; x_wconf 83' lang='lat'>13.</span> <span class='ocrx_word' id='word_1_306' title='bbox 1133 3629 1341 3683; x_wconf 71' lang='lat' dir='ltr'><strong>quibus</strong></span> <span class='ocrx_word' id='word_1_307' title='bbox 1362 3627 1433 3675; x_wconf 87' lang='lat' dir='ltr'><strong>sic</strong></span> <span class='ocrx_word' id='word_1_308' title='bbox 1456 3627 1558 3676; x_wconf 88' lang='grc' dir='ltr'><strong>ΗΘ</strong></span> <span class='ocrx_word' id='word_1_309' title='bbox 1577 3644 1588 3677; x_wconf 78' lang='lat' dir='ltr'>x</span> <span class='ocrx_word' id='word_1_310' title='bbox 1624 3628 1815 3676; x_wconf 83' lang='lat' dir='ltr'><strong>duabus</strong></span> <span class='ocrx_word' id='word_1_311' title='bbox 1838 3628 1975 3691; x_wconf 79' lang='lat' dir='ltr'><strong>Aug.</strong></span> <span class='ocrx_word' id='word_1_312' title='bbox 2562 3623 2959 3675; x_wconf 81' lang='lat' dir='ltr'><strong>commendanda</strong></span> <span class='ocrx_word' id='word_1_313' title='bbox 2980 3640 3121 3674; x_wconf 77' lang='lat' dir='ltr'><strong>suam</strong></span> <span class='ocrx_word' id='word_1_314' title='bbox 3144 3625 3469 3677; x_wconf 85' lang='lat' dir='ltr'><strong>intentionem</strong></span> <span class='ocrx_word' id='word_1_315' title='bbox 3490 3634 3574 3676; x_wconf 83' lang='lat' dir='ltr'><strong>etc.</strong></span> <span class='ocrx_word' id='word_1_316' title='bbox 3599 3630 3735 3691; x_wconf 79' lang='lat' dir='ltr'><strong>Aug.</strong></span> 
     </span>
    </p>
   </div>
   <div class='ocr_carea' id='block_1_6' title="bbox 1083 3759 2005 3824">
    <p class='ocr_par' dir='ltr' id='par_1_10' title="bbox 1083 3759 2005 3824">
     <span class='ocr_line' id='line_1_30' title="bbox 1083 3759 2005 3824; baseline 0 -17"><span class='ocrx_word' id='word_1_317' title='bbox 1083 3759 1500 3824; x_wconf 72' lang='lat' dir='ltr'><strong>Subscn&#39;ptzonem</strong></span> <span class='ocrx_word' id='word_1_318' title='bbox 1533 3777 1636 3810; x_wconf 83' lang='lat' dir='ltr'><strong>non</strong></span> <span class='ocrx_word' id='word_1_319' title='bbox 1667 3761 1850 3810; x_wconf 81' lang='lat' dir='ltr'><strong>habent</strong></span> <span class='ocrx_word' id='word_1_320' title='bbox 1887 3760 2005 3809; x_wconf 82' lang='grc' dir='ltr'><strong>ΗΘ.</strong></span> 
     </span>
    </p>
   </div>
   <div class='ocr_carea' id='block_1_7' title="bbox 934 3977 4015 5045">
    <p class='ocr_par' dir='ltr' id='par_1_11' title="bbox 1087 3977 3965 4183">
     <span class='ocr_line' id='line_1_31' title="bbox 1087 3977 3965 4043; baseline 0.001 -17"><span class='ocrx_word' id='word_1_321' title='bbox 1087 3977 1285 4027; x_wconf 77' lang='lat' dir='ltr'><strong>Deinde</strong></span> <span class='ocrx_word' id='word_1_322' title='bbox 1316 3979 1547 4043; x_wconf 71' lang='lat' dir='ltr'><strong>sequitur</strong></span> <span class='ocrx_word' id='word_1_323' title='bbox 1573 3979 1633 4028; x_wconf 84' lang='lat' dir='ltr'><strong>in</strong></span> <span class='ocrx_word' id='word_1_324' title='bbox 1665 3980 1767 4029; x_wconf 87' lang='grc' dir='ltr'><strong>ΗΘ</strong></span> <span class='ocrx_word' id='word_1_325' title='bbox 1801 3981 2002 4041; x_wconf 68' lang='lat' dir='ltr'><strong>Bened„</strong></span> <span class='ocrx_word' id='word_1_326' title='bbox 2037 3981 2151 4030; x_wconf 78' lang='lat' dir='ltr'><strong>uita</strong></span> <span class='ocrx_word' id='word_1_327' title='bbox 2173 3980 2421 4030; x_wconf 80' lang='lat' dir='ltr'><strong>Iohannis</strong></span> <span class='ocrx_word' id='word_1_328' title='bbox 2450 3995 2514 4030; x_wconf 76' lang='lat' dir='ltr'><strong>ex</strong></span> <span class='ocrx_word' id='word_1_329' title='bbox 2544 3980 2854 4043; x_wconf 83' lang='lat' dir='ltr'><strong>Hieronymo</strong></span> <span class='ocrx_word' id='word_1_330' title='bbox 2886 3979 2970 4028; x_wconf 77' lang='lat' dir='ltr'><strong>‘de</strong></span> <span class='ocrx_word' id='word_1_331' title='bbox 3001 3978 3137 4028; x_wconf 61' lang='lat' dir='ltr'><strong>uin}</strong></span> <span class='ocrx_word' id='word_1_332' title='bbox 3168 3977 3261 4028; x_wconf 68' lang='lat' dir='ltr'><strong>ill!</strong></span> <span class='ocrx_word' id='word_1_333' title='bbox 3294 3979 3551 4043; x_wconf 80' lang='lat' dir='ltr'><strong>desumpta</strong></span> <span class='ocrx_word' id='word_1_334' title='bbox 3564 3995 3588 4040; x_wconf 89' lang='lat'><em>;</em></span> <span class='ocrx_word' id='word_1_335' title='bbox 3621 3979 3872 4029; x_wconf 77' lang='lat' dir='ltr'><strong>edidimus</strong></span> <span class='ocrx_word' id='word_1_336' title='bbox 3900 3994 3965 4029; x_wconf 82' lang='lat' dir='ltr'><strong>ex</strong></span> 
     </span>
     <span class='ocr_line' id='line_1_32' title="bbox 1285 4056 3964 4126; baseline 0.001 -22"><span class='ocrx_word' id='word_1_337' title='bbox 1285 4056 1439 4105; x_wconf 80' lang='lat' dir='ltr'><strong>codice</strong></span> <span class='ocrx_word' id='word_1_338' title='bbox 1471 4057 1538 4116; x_wconf 90' lang='lat' dir='ltr'><strong>H,</strong></span> <span class='ocrx_word' id='word_1_339' title='bbox 1564 4058 1892 4126; x_wconf 51' lang='lat' dir='ltr'><strong>uariantibur</strong></span> <span class='ocrx_word' id='word_1_340' title='bbox 1920 4057 2207 4108; x_wconf 81' lang='lat' dir='ltr'><strong>lectionibus</strong></span> <span class='ocrx_word' id='word_1_341' title='bbox 2235 4058 2332 4108; x_wconf 84' lang='lat' dir='ltr'><strong>cod.</strong></span> <span class='ocrx_word' id='word_1_342' title='bbox 2358 4058 2405 4107; x_wconf 89' lang='grc' dir='ltr'>Θ</span> <span class='ocrx_word' id='word_1_343' title='bbox 2427 4057 2662 4123; x_wconf 78' lang='lat' dir='ltr'><strong>adpositis</strong></span> <span class='ocrx_word' id='word_1_344' title='bbox 2683 4064 2730 4107; x_wconf 82' lang='lat' dir='ltr'><strong>et</strong></span> <span class='ocrx_word' id='word_1_345' title='bbox 2760 4056 3012 4108; x_wconf 81' lang='lat' dir='ltr'><strong>Uallarsii</strong></span> <span class='ocrx_word' id='word_1_346' title='bbox 3029 4057 3127 4106; x_wconf 83' lang='lat' dir='ltr'><strong>uol.</strong></span> <span class='ocrx_word' id='word_1_347' title='bbox 3153 4056 3221 4105; x_wconf 91' lang='lat'>11.</span> <span class='ocrx_word' id='word_1_348' title='bbox 3235 4063 3291 4121; x_wconf 80' lang='lat' dir='ltr'><strong>p.</strong></span> <span class='ocrx_word' id='word_1_349' title='bbox 3317 4058 3443 4120; x_wconf 81' lang='lat'>8303</span> <span class='ocrx_word' id='word_1_350' title='bbox 3476 4056 3537 4121; x_wconf 68' lang='lat' dir='ltr'><strong>‘f</strong></span> <span class='ocrx_word' id='word_1_351' title='bbox 3562 4065 3611 4108; x_wconf 81' lang='lat' dir='ltr'><strong>et</strong></span> <span class='ocrx_word' id='word_1_352' title='bbox 3642 4057 3693 4107; x_wconf 87' lang='grc' dir='ltr'><em>Τ</em></span> <span class='ocrx_word' id='word_1_353' title='bbox 3682 4057 3964 4108; x_wconf 68' lang='lat' dir='ltr'><strong>horrearium</strong></span> 
     </span>
     <span class='ocr_line' id='line_1_33' title="bbox 1284 4134 1397 4183; baseline -0.009 0"><span class='ocrx_word' id='word_1_354' title='bbox 1284 4134 1326 4183; x_wconf 90' lang='lat'>1.</span> <span class='ocrx_word' id='word_1_355' title='bbox 1385 4170 1397 4182; x_wconf 91' lang='lat'>.</span> 
     </span>
    </p>

    <p class='ocr_par' dir='ltr' id='par_1_12' title="bbox 1088 4141 1534 4280">
     <span class='ocr_line' id='line_1_34' title="bbox 1088 4141 1534 4280; baseline 0.004 -15"><span class='ocrx_word' id='word_1_356' title='bbox 1088 4141 1534 4280; x_wconf 43' lang='lat' dir='ltr'><strong>smmptifdeix‘</strong></span> 
     </span>
    </p>

    <p class='ocr_par' dir='ltr' id='par_1_13' title="bbox 934 4332 4015 5045">
     <span class='ocr_line' id='line_1_35' title="bbox 1136 4332 3961 4420; baseline 0.002 -23"><span class='ocrx_word' id='word_1_357' title='bbox 1136 4332 1460 4399; x_wconf 88' lang='lat' dir='ltr'><strong>Iohannes</strong></span> <span class='ocrx_word' id='word_1_358' title='bbox 1491 4336 1828 4418; x_wconf 90' lang='lat' dir='ltr'><strong>apostolus</strong></span> <span class='ocrx_word' id='word_1_359' title='bbox 1858 4357 2056 4420; x_wconf 91' lang='lat' dir='ltr'><strong>quem</strong></span> <span class='ocrx_word' id='word_1_360' title='bbox 2090 4338 2262 4402; x_wconf 90' lang='lat' dir='ltr'><strong>iesus</strong></span> <span class='ocrx_word' id='word_1_361' title='bbox 2302 4337 2553 4401; x_wconf 89' lang='lat' dir='ltr'><strong>amauit</strong></span> <span class='ocrx_word' id='word_1_362' title='bbox 2593 4336 2947 4420; x_wconf 89' lang='lat' dir='ltr'><strong>plurimum</strong></span> <span class='ocrx_word' id='word_1_363' title='bbox 2988 4335 3161 4400; x_wconf 89' lang='lat' dir='ltr'><strong>filius</strong></span> <span class='ocrx_word' id='word_1_364' title='bbox 3202 4338 3467 4402; x_wconf 88' lang='lat' dir='ltr'><strong>zebedei</strong></span> <span class='ocrx_word' id='word_1_365' title='bbox 3509 4338 3707 4403; x_wconf 90' lang='lat' dir='ltr'><strong>frater</strong></span> <span class='ocrx_word' id='word_1_366' title='bbox 3749 4338 3961 4403; x_wconf 91' lang='lat' dir='ltr'><strong>iacobi</strong></span> 
     </span>
     <span class='ocr_line' id='line_1_36' title="bbox 958 4438 3964 4525; baseline 0.002 -23"><span class='ocrx_word' id='word_1_367' title='bbox 958 4438 1239 4521; x_wconf 90' lang='lat' dir='ltr'><strong>apostoli</strong></span> <span class='ocrx_word' id='word_1_368' title='bbox 1272 4440 1386 4520; x_wconf 93' lang='lat' dir='ltr'><strong>qui</strong></span> <span class='ocrx_word' id='word_1_369' title='bbox 1416 4450 1634 4505; x_wconf 87' lang='lat' dir='ltr'><strong>narrat</strong></span> <span class='ocrx_word' id='word_1_370' title='bbox 1666 4440 2021 4505; x_wconf 88' lang='lat' dir='ltr'><strong>iohannem</strong></span> <span class='ocrx_word' id='word_1_371' title='bbox 2065 4441 2426 4525; x_wconf 88' lang='lat' dir='ltr'><strong>baptistam</strong></span> <span class='ocrx_word' id='word_1_372' title='bbox 2466 4442 2553 4506; x_wconf 90' lang='lat' dir='ltr'><strong>ab</strong></span> <span class='ocrx_word' id='word_1_373' title='bbox 2593 4441 2842 4506; x_wconf 91' lang='lat' dir='ltr'><strong>herode</strong></span> <span class='ocrx_word' id='word_1_374' title='bbox 2875 4441 3275 4506; x_wconf 89' lang='lat' dir='ltr'><strong>decollatum</strong></span> <span class='ocrx_word' id='word_1_375' title='bbox 3307 4442 3508 4506; x_wconf 88' lang='lat' dir='ltr'><strong>fuisse</strong></span> <span class='ocrx_word' id='word_1_376' title='bbox 3541 4442 3964 4508; x_wconf 86' lang='lat' dir='ltr'><strong>Nouissimus</strong></span> 
     </span>
     <span class='ocr_line' id='line_1_37' title="bbox 960 4543 3965 4630; baseline 0.001 -24"><span class='ocrx_word' id='word_1_377' title='bbox 960 4543 1254 4606; x_wconf 90' lang='lat' dir='ltr'><strong>omnium</strong></span> <span class='ocrx_word' id='word_1_378' title='bbox 1315 4544 1568 4627; x_wconf 88' lang='lat' dir='ltr'><strong>scripsit</strong></span> <span class='ocrx_word' id='word_1_379' title='bbox 1641 4546 2052 4627; x_wconf 88' lang='lat' dir='ltr'><strong>euangelium</strong></span> <span class='ocrx_word' id='word_1_380' title='bbox 2116 4554 2388 4629; x_wconf 90' lang='lat' dir='ltr'><strong>rogatus</strong></span> <span class='ocrx_word' id='word_1_381' title='bbox 2446 4545 2534 4609; x_wconf 91' lang='lat' dir='ltr'><strong>ab</strong></span> <span class='ocrx_word' id='word_1_382' title='bbox 2598 4546 2774 4609; x_wconf 89' lang='lat' dir='ltr'><strong>asiae</strong></span> <span class='ocrx_word' id='word_1_383' title='bbox 2837 4545 3166 4630; x_wconf 88' lang='lat' dir='ltr'><strong>episcopis</strong></span> <span class='ocrx_word' id='word_1_384' title='bbox 3223 4547 3538 4611; x_wconf 87' lang='lat' dir='ltr'><strong>aduersus</strong></span> <span class='ocrx_word' id='word_1_385' title='bbox 3598 4547 3965 4611; x_wconf 88' lang='lat' dir='ltr'><strong>cherintum</strong></span> 
     </span>
     <span class='ocr_line' id='line_1_38' title="bbox 959 4644 3967 4734; baseline 0.002 -25"><span class='ocrx_word' id='word_1_386' title='bbox 959 4645 1252 4728; x_wconf 91' lang='lat' dir='ltr'><strong>aliosque</strong></span> <span class='ocrx_word' id='word_1_387' title='bbox 1283 4644 1604 4712; x_wconf 88' lang='lat' dir='ltr'><strong>hereticos</strong></span> <span class='ocrx_word' id='word_1_388' title='bbox 1644 4657 1712 4712; x_wconf 89' lang='lat' dir='ltr'><strong>et</strong></span> <span class='ocrx_word' id='word_1_389' title='bbox 1755 4650 2045 4713; x_wconf 89' lang='lat' dir='ltr'><strong>maxime</strong></span> <span class='ocrx_word' id='word_1_390' title='bbox 2086 4658 2242 4715; x_wconf 90' lang='lat' dir='ltr'><strong>tunc</strong></span> <span class='ocrx_word' id='word_1_391' title='bbox 2281 4648 2767 4714; x_wconf 85' lang='lat' dir='ltr'><strong>hebionitarum</strong></span> <span class='ocrx_word' id='word_1_392' title='bbox 2800 4651 3048 4734; x_wconf 90' lang='lat' dir='ltr'><strong>dogma</strong></span> <span class='ocrx_word' id='word_1_393' title='bbox 3081 4670 3482 4734; x_wconf 87' lang='lat' dir='ltr'><strong>consurgens</strong></span> <span class='ocrx_word' id='word_1_394' title='bbox 3519 4651 3632 4734; x_wconf 92' lang='lat' dir='ltr'><strong>qui</strong></span> <span class='ocrx_word' id='word_1_395' title='bbox 3669 4660 3967 4714; x_wconf 87' lang='lat' dir='ltr'><strong>asserunt</strong></span> 
     </span>
     <span class='ocr_line' id='line_1_39' title="bbox 960 4749 4015 4838; baseline 0.001 -24"><span class='ocrx_word' id='word_1_396' title='bbox 960 4749 1276 4814; x_wconf 88' lang='lat' dir='ltr'><strong>christum</strong></span> <span class='ocrx_word' id='word_1_397' title='bbox 1342 4762 1498 4815; x_wconf 89' lang='lat' dir='ltr'><strong>ante</strong></span> <span class='ocrx_word' id='word_1_398' title='bbox 1557 4753 1832 4816; x_wconf 89' lang='lat' dir='ltr'><strong>mariam</strong></span> <span class='ocrx_word' id='word_1_399' title='bbox 1895 4775 2028 4818; x_wconf 91' lang='lat' dir='ltr'><strong>non</strong></span> <span class='ocrx_word' id='word_1_400' title='bbox 2089 4754 2284 4818; x_wconf 86' lang='lat' dir='ltr'><strong>fuisse</strong></span> <span class='ocrx_word' id='word_1_401' title='bbox 2355 4754 2532 4818; x_wconf 91' lang='lat' dir='ltr'><strong>unde</strong></span> <span class='ocrx_word' id='word_1_402' title='bbox 2601 4755 2802 4818; x_wconf 89' lang='lat' dir='ltr'><strong>etiam</strong></span> <span class='ocrx_word' id='word_1_403' title='bbox 2877 4754 3227 4838; x_wconf 88' lang='lat' dir='ltr'><strong>conpulsus</strong></span> <span class='ocrx_word' id='word_1_404' title='bbox 3298 4765 3399 4820; x_wconf 91' lang='lat' dir='ltr'><strong>est</strong></span> <span class='ocrx_word' id='word_1_405' title='bbox 3468 4755 3765 4819; x_wconf 90' lang='lat' dir='ltr'><strong>diuinam</strong></span> <span class='ocrx_word' id='word_1_406' title='bbox 3825 4754 4015 4818; x_wconf 76' lang='lat' dir='ltr'><strong>eiuss</strong></span> 
     </span>
     <span class='ocr_line' id='line_1_40' title="bbox 963 4854 3961 4942; baseline 0.002 -25"><span class='ocrx_word' id='word_1_407' title='bbox 963 4854 1379 4918; x_wconf 88' lang='lat' dir='ltr'><strong>natiuitatem</strong></span> <span class='ocrx_word' id='word_1_408' title='bbox 1426 4856 1640 4921; x_wconf 91' lang='lat' dir='ltr'><strong>dicere</strong></span> <span class='ocrx_word' id='word_1_409' title='bbox 1685 4859 1804 4922; x_wconf 90' lang='lat' dir='ltr'><strong>sed</strong></span> <span class='ocrx_word' id='word_1_410' title='bbox 1849 4868 1917 4923; x_wconf 90' lang='lat' dir='ltr'><strong>et</strong></span> <span class='ocrx_word' id='word_1_411' title='bbox 1963 4857 2162 4922; x_wconf 90' lang='lat' dir='ltr'><strong>aliam</strong></span> <span class='ocrx_word' id='word_1_412' title='bbox 2209 4878 2480 4923; x_wconf 88' lang='lat' dir='ltr'><strong>causam</strong></span> <span class='ocrx_word' id='word_1_413' title='bbox 2527 4855 2719 4922; x_wconf 88' lang='lat' dir='ltr'><strong>huius</strong></span> <span class='ocrx_word' id='word_1_414' title='bbox 2761 4859 3123 4942; x_wconf 89' lang='lat' dir='ltr'><strong>scripturae</strong></span> <span class='ocrx_word' id='word_1_415' title='bbox 3167 4858 3401 4924; x_wconf 90' lang='lat' dir='ltr'><strong>ferunt.</strong></span> <span class='ocrx_word' id='word_1_416' title='bbox 3507 4858 3711 4942; x_wconf 83' lang='lat' dir='ltr'><strong>Quod</strong></span> <span class='ocrx_word' id='word_1_417' title='bbox 3758 4879 3961 4941; x_wconf 88' lang='lat' dir='ltr'><strong>quum</strong></span> 
     </span>
     <span class='ocr_line' id='line_1_41' title="bbox 934 4957 3965 5045; baseline 0.002 -24"><span class='ocrx_word' id='word_1_418' title='bbox 934 4957 1223 5040; x_wconf 85' lang='lat' dir='ltr'><strong>·legisset</strong></span> <span class='ocrx_word' id='word_1_419' title='bbox 1277 4957 1557 5024; x_wconf 89' lang='lat' dir='ltr'><strong>matthei</strong></span> <span class='ocrx_word' id='word_1_420' title='bbox 1614 4962 1817 5027; x_wconf 90' lang='lat' dir='ltr'><strong>marci</strong></span> <span class='ocrx_word' id='word_1_421' title='bbox 1868 4962 2056 5028; x_wconf 90' lang='lat' dir='ltr'><strong>lucae</strong></span> <span class='ocrx_word' id='word_1_422' title='bbox 2109 4962 2451 5026; x_wconf 91' lang='lat' dir='ltr'><strong>uolumina</strong></span> <span class='ocrx_word' id='word_1_423' title='bbox 2494 4962 2870 5045; x_wconf 89' lang='lat' dir='ltr'><strong>probauerit</strong></span> <span class='ocrx_word' id='word_1_424' title='bbox 2913 4963 3183 5045; x_wconf 89' lang='lat' dir='ltr'><strong>quidem</strong></span> <span class='ocrx_word' id='word_1_425' title='bbox 3226 4972 3493 5029; x_wconf 88' lang='lat' dir='ltr'><strong>textum</strong></span> <span class='ocrx_word' id='word_1_426' title='bbox 3538 4963 3852 5028; x_wconf 87' lang='lat' dir='ltr'><strong>historiae</strong></span> <span class='ocrx_word' id='word_1_427' title='bbox 3896 4973 3965 5027; x_wconf 92' lang='lat' dir='ltr'><strong>et</strong></span> 
     </span>
    </p>
   </div>
   <div class='ocr_carea' id='block_1_8' title="bbox 1032 5148 3378 5214">
    <p class='ocr_par' dir='ltr' id='par_1_14' title="bbox 1032 5148 3378 5214">
     <span class='ocr_line' id='line_1_42' title="bbox 1032 5148 3378 5214; baseline 0.002 -20"><span class='ocrx_word' id='word_1_428' title='bbox 1032 5159 1076 5195; x_wconf 79' lang='lat'>2.</span> <span class='ocrx_word' id='word_1_429' title='bbox 1111 5149 1213 5204; x_wconf 79' lang='lat' dir='ltr'><strong>qui</strong></span> <span class='ocrx_word' id='word_1_430' title='bbox 1247 5182 1259 5194; x_wconf 97' lang='lat'>.</span> <span class='ocrx_word' id='word_1_431' title='bbox 1288 5182 1302 5195; x_wconf 95' lang='lat'>.</span> <span class='ocrx_word' id='word_1_432' title='bbox 1334 5183 1346 5195; x_wconf 93' lang='lat'>.</span> <span class='ocrx_word' id='word_1_433' title='bbox 1377 5148 1554 5196; x_wconf 66' lang='lat' dir='ltr'><strong>fuisse</strong></span> <span class='ocrx_word' id='word_1_434' title='bbox 1588 5148 1779 5210; x_wconf 83' lang='lat' dir='ltr'><strong>(fuisset</strong></span> <span class='ocrx_word' id='word_1_435' title='bbox 1812 5149 1926 5210; x_wconf 87' lang='lat' dir='ltr'><strong>H):</strong></span> <span class='ocrx_word' id='word_1_436' title='bbox 1976 5163 2121 5214; x_wconf 87' lang='lat' dir='ltr'><strong>quem</strong></span> <span class='ocrx_word' id='word_1_437' title='bbox 2155 5150 2364 5200; x_wconf 88' lang='lat' dir='ltr'><strong>herodes</strong></span> <span class='ocrx_word' id='word_1_438' title='bbox 2634 5164 2679 5214; x_wconf 84' lang='lat'>5.</span> <span class='ocrx_word' id='word_1_439' title='bbox 2714 5155 2918 5202; x_wconf 71' lang='lat' dir='ltr'><strong>etiam:</strong></span> <span class='ocrx_word' id='word_1_440' title='bbox 2954 5156 3005 5201; x_wconf 89' lang='lat' dir='ltr'><strong>et</strong></span> <span class='ocrx_word' id='word_1_441' title='bbox 3025 5150 3211 5201; x_wconf 77' lang='lat' dir='ltr'><strong>Bened.</strong></span> <span class='ocrx_word' id='word_1_442' title='bbox 3243 5151 3378 5201; x_wconf 83' lang='lat' dir='ltr'>Uall.</span> 
     </span>
    </p>
   </div>
   <div class='ocr_carea' id='block_1_9' title="bbox 961 5224 3273 5352">
    <p class='ocr_par' dir='ltr' id='par_1_15' title="bbox 961 5224 3273 5352">
     <span class='ocr_line' id='line_1_43' title="bbox 961 5224 3273 5351; baseline 0.002 -78"><span class='ocrx_word' id='word_1_443' title='bbox 961 5231 1077 5350; x_wconf 49' lang='lat' dir='ltr'><strong>gost</strong></span> <span class='ocrx_word' id='word_1_444' title='bbox 1098 5224 1397 5351; x_wconf 47' lang='lat' dir='ltr'><strong>‘pagzpem</strong></span> <span class='ocrx_word' id='word_1_445' title='bbox 1434 5225 1624 5275; x_wconf 87' lang='lat' dir='ltr'><strong>domini</strong></span> <span class='ocrx_word' id='word_1_446' title='bbox 1663 5226 1934 5278; x_wconf 79' lang='lat' dir='ltr'><strong>decollauit</strong></span> <span class='ocrx_word' id='word_1_447' title='bbox 1973 5228 2156 5289; x_wconf 84' lang='lat' dir='ltr'><strong>(·uerat</strong></span> <span class='ocrx_word' id='word_1_448' title='bbox 2201 5228 2361 5290; x_wconf 86' lang='lat' dir='ltr'><strong>Uall.)</strong></span> <span class='ocrx_word' id='word_1_449' title='bbox 2632 5239 2679 5292; x_wconf 66' lang='lat'><strong>6,</strong></span> <span class='ocrx_word' id='word_1_450' title='bbox 2713 5242 2901 5292; x_wconf 61' lang='lat' dir='ltr'><strong>edioeoe</strong></span> <span class='ocrx_word' id='word_1_451' title='bbox 2923 5243 3109 5292; x_wconf 64' lang='lat' dir='ltr'><strong>Bemd,</strong></span> <span class='ocrx_word' id='word_1_452' title='bbox 3139 5243 3273 5294; x_wconf 66' lang='lat' dir='ltr'><strong>(sall,</strong></span> 
     </span>
     <span class='ocr_line' id='line_1_44' title="bbox 1012 5317 1313 5352; baseline 0.003 -3"><span class='ocrx_word' id='word_1_453' title='bbox 1012 5317 1099 5350; x_wconf 81' lang='lat' dir='ltr'><strong>ene</strong></span> <span class='ocrx_word' id='word_1_454' title='bbox 1134 5340 1146 5352; x_wconf 90' lang='lat'>.</span> <span class='ocrx_word' id='word_1_455' title='bbox 1302 5337 1313 5350; x_wconf 94' lang='lat'>.</span> 
     </span>
    </p>
   </div>
   <div class='ocr_carea' id='block_1_10' title="bbox 1032 5333 3499 5446">
    <p class='ocr_par' dir='ltr' id='par_1_16' title="bbox 1032 5333 3499 5446">
     <span class='ocr_line' id='line_1_45' title="bbox 1032 5333 3499 5446; baseline -0.023 13"><span class='ocrx_word' id='word_1_456' title='bbox 1032 5394 1076 5441; x_wconf 80' lang='lat'><strong>3·</strong></span> <span class='ocrx_word' id='word_1_457' title='bbox 1110 5385 1370 5438; x_wconf 49' lang='lat' dir='ltr'><strong>”ami</strong></span> <span class='ocrx_word' id='word_1_458' title='bbox 1405 5397 1586 5446; x_wconf 65' lang='lat'><strong>‘032128</strong></span> <span class='ocrx_word' id='word_1_459' title='bbox 1618 5383 1802 5434; x_wconf 80' lang='lat' dir='ltr'><strong>Bened.</strong></span> <span class='ocrx_word' id='word_1_460' title='bbox 1871 5384 2142 5434; x_wconf 84' lang='lat' dir='ltr'><strong>cerinthum</strong></span> <span class='ocrx_word' id='word_1_461' title='bbox 2176 5385 2363 5433; x_wconf 75' lang='lat' dir='ltr'><strong>Bencd.</strong></span> <span class='ocrx_word' id='word_1_462' title='bbox 2637 5345 2679 5396; x_wconf 84' lang='lat'><strong>7&#39;</strong></span> <span class='ocrx_word' id='word_1_463' title='bbox 2717 5335 2890 5383; x_wconf 54' lang='lat'>“²⁰⁰¹</span> <span class='ocrx_word' id='word_1_464' title='bbox 2906 5346 2940 5385; x_wconf 80' lang='lat'><strong>&#39;¹&#39;</strong></span> <span class='ocrx_word' id='word_1_465' title='bbox 2954 5341 3005 5384; x_wconf 61' lang='lat' dir='ltr'><strong>et</strong></span> <span class='ocrx_word' id='word_1_466' title='bbox 3028 5334 3216 5385; x_wconf 62' lang='lat' dir='ltr'><strong>Bm·</strong></span> <span class='ocrx_word' id='word_1_467' title='bbox 3252 5333 3384 5386; x_wconf 64' lang='lat' dir='ltr'><em>Uall·</em></span> <span class='ocrx_word' id='word_1_468' title='bbox 3495 5386 3499 5389; x_wconf 55' lang='lat'><strong>&gt;</strong></span> 
     </span>
    </p>
   </div>
   <div class='ocr_carea' id='block_1_11' title="bbox 977 5456 1110 5506">
    <p class='ocr_par' dir='ltr' id='par_1_17' title="bbox 977 5456 1110 5506">
     <span class='ocr_line' id='line_1_46' title="bbox 977 5456 1110 5506; baseline 0 0"><span class='ocrx_word' id='word_1_469' title='bbox 977 5456 1110 5506; x_wconf 79' lang='lat' dir='ltr'>Uall.</span> 
     </span>
    </p>
   </div>
   <div class='ocr_carea' id='block_1_12' title="bbox 4681 5195 4688 6326">
    <p class='ocr_par' dir='ltr' id='par_1_18' title="bbox 4681 5195 4688 6326">
     <span class='ocr_line' id='line_1_47' title="bbox 4681 5195 4688 6326; baseline 0 0"><span class='ocrx_word' id='word_1_470' title='bbox 4681 5195 4688 6326; x_wconf 95' lang='lat' dir='ltr'><strong> </strong></span> 
     </span>
    </p>
   </div>
  </div>
 </body>
</html>
