4717 6400
2217 1010 2856 1096 CAPITULA
2952 966 3128 1096 IN'
3193 1010 4067 1096 EUANGELIUM

917 1242 1158 1309 Capitula
1178 1251 1377 1295 exstant
1397 1245 1458 1295 in
1480 1244 1927 1296 ABCDZPGHOJ
1955 1244 2199 1310 (capitula
2218 1253 2267 1296 et
2286 1247 2479 1309 breues)
2504 1245 2815 1309 KQTUVY.
2882 1245 3086 1294 Desunt
3105 1251 3274 1295 autem
3298 1245 3356 1294 in
3380 1245 3915 1306 EFLMM'ORWXZ‚
3940 1251 3989 1294 et
4011 1245 4070 1293 in

843 1324 1060 1391 5¹⁸&ssOE
1078 1328 1401 1392 omnibusque
1430 1343 1550 1392 quos
1580 1328 1809 1377 ui'dmzus
1829 1327 1936 1378 edd.
1959 1328 2205 1393 antiquis.
2251 1330 2433 1379 Kesler
2456 1331 2583 1393 1487
2605 1328 2749 1378 habet
2767 1329 3080 1392 ‘Registrum
3103 1328 3163 1377 in
3185 1329 3535 1393 Euangelium
3557 1328 3783 1377 Matthei
3808 1327 4066 1376 continens:

842 1409 1045 1473 uiginti
1061 1415 1161 1459 octo
1181 1407 1437 1474 capitula?
1464 1425 1591 1474 quae
1613 1410 1849 1459 moderna
1870 1411 2136 1462 ui.dentur

909 1491 1102 1541 Inscrr.
1120 1491 1337 1541 uariant
1357 1492 1579 1542 multum
1602 1492 1740 1542 inter
1759 1509 1836 1543 se:
1860 1493 2104 1558 incipiunt
2126 1490 2384 1559 capitula
2368 1510 2420 1543 m
2441 1494 2705 1560 euangelio
2720 1492 2930 1543 matthei
2946 1491 3017 1554 K,
3033 1490 3185 1557 incip,
3201 1492 3422 1558 capitula
3436 1491 3590 1543 lectio
3607 1493 3690 1542 se—t:
3707 1491 3982 1542 mattheum
4005 1491 4072 1552 Y,

1336 1675 1558 1727 AUVY.

849 1769 1125 1820 Edidimus
1146 1784 1210 1820 ex
1229 1771 1383 1820 codice
1405 1770 1456 1820 A
1479 1771 1575 1834 (ed.
1610 1770 1793 1829 Tisch.)
1818 1787 1933 1820 cum
1965 1770 2057 1820 col-

913 1846 1099 1897 latione
1126 1847 1259 1898 codd.
1286 1848 1396 1896 rell.
1432 1847 1501 1896 iis
1537 1848 1825 1912 lectionibus
1861 1848 2059 1897 omissis

911 1938 1039 1989 quae
1057 1930 1263 1974 tantum
1286 1924 1363 1973 ad
1386 1924 1790 1989 orthographiam
1821 1931 2055 1990 spectant,

909 2002 973 2067 qs.
1003 2001 1348 2063 nomas-ium,
1372 2004 1473 2052 uol.
1498 2004 1545 2052 I.
1570 2010 1628 2067 p.
1657 2013 1768 2068 297.

847 2148 897 2210 I.
941 2149 1406 2211 Generationurn
1460 2151 1847 2229 quadraginta
1909 2152 2054 2211 dua-

931 2262 1064 2304 rum
1104 2246 1182 2303 ab
1224 2245 1505 2305 abraham
1541 2264 1728 2325 usque
1770 2245 1847 2307 ad
1874 2246 2054 2306 chris-

931 2348 1057 2397 tum
1085 2338 1234 2398 ordo
1262 2349 1543 2399 narratur.

846 2431 929 2493 II.
971 2430 1280 2519 Natiuitas·
1311 2434 1435 2492 iesu
1489 2434 1683 2494 christi
1739 2433 1814 2494 de
1870 2434 2055 2494 maria

931 2544 1154 2604 sponso
1204 2526 1328 2586 eius
1376 2528 1583 2605 ioseph
1630 2528 1844 2607 angelo
1888 2547 2054 2591 reue-

928 2618 1085 2680 lante
1114 2620 1485 2697 praedicitur.

847 2714 961 2776 111.
1003 2714 1228 2774 Natum
1259 2715 1536 2775 christum
1565 2717 1724 2794 magi
1752 2717 1915 2777 stella
1943 2718 2055 2777 sibi

928 2807 1082 2868 duce
1122 2810 1424 2869 nuntiante
1467 2810 1673 2871 oblatis
1710 2813 2053 2872 muneribus

812 2928 828 2945 κ
928 2902 1346 2963 adorauerunt.

847 2994 997 3056 1111.
1038 2995 1274 3073 Angelo
1352 3008 1773 3075 praemonente
1849 2999 2057 3076 ioseph

928 3108 1068 3151 cum
1108 3090 1332 3153 christo
1374 3091 1520 3167 fugit
1552 3093 1615 3150 in
1656 3105 1973 3170 aegyptum
2001 3103 2059 3154 et

931 3183 1181 3245 herodes
1208 3185 1425 3245 occidit
1456 3185 1723 3247 infantes

848 3277 926 3340 V.
967 3278 1064 3338 De
1113 3279 1553 3356 praedicatione
1603 3280 1871 3342 iohannis
1914 3284 2058 3360 bap-

930 3373 1097 3433 tistae
1115 3375 1277 3450 quod
1307 3392 1426 3434 uox
1445 3374 1750 3435 clamantis
1768 3377 1840 3437 sit
1856 3379 2059 3456 paeni-

928 3468 1174 3527 tentiam
1202 3468 1378 3545 agite.

848 3559 958 3621 VI.
1000 3560 1093 3620 De
1134 3562 1431 3638 baptismo
1474 3562 1668 3623 christi
1711 3564 1772 3622 in
1816 3564 2060 3625 iordane

932 3674 972 3716 a
1005 3655 1264 3716 iohanne
1293 3666 1351 3716 et
1379 3655 1552 3733 signo
1579 3658 1848 3717 trinitatis
1881 3659 2061 3737 patris

930 3749 1152 3810 seilicet
1198 3750 1324 3810 eius
1361 3750 1424 3808 in
1466 3768 1616 3812 uoce
1661 3760 1719 3811 et
1760 3753 2060 3832 utriusque

931 3843 1165 3922 spiritus
1193 3845 1256 3902 in
1287 3844 1584 3905 columba.

850 4031 991 4091 VII.
1031 4031 1129 4092 De
1165 4033 1553 4110 quadraginta
1580 4032 1808 4093 dierum
1847 4035 2062 4095 ieiunio

931 4135 994 4186 et
1013 4125 1250 4186 diabolo
1267 4126 1421 4185 trina
1449 4128 1789 4188 temtatione
1811 4128 2062 4190 deuicto·

850 4219 1024 4280 VIII.
1100 4219 1332 4281 Relicta
1406 4222 1681 4280 nazareth
1762 4224 2065 4299 praedicat

932 4323 1121 4375 terrae
1168 4314 1420 4375 zabulon
1466 4323 1524 4374 et
1572 4316 1850 4393 neptalim
1905 4318 2066 4378 iuxta

932 4408 1273 4469 uaticinium
1371 4409 1564 4469 esaiae
1645 4412 2064 4486 paenitentiam

934 4520 1111 4579 agere
1140 4502 1364 4563 iubens,

848 4593 1055 4656 VIIII.
1100 4595 1296 4656 Uocat
1348 4605 1580 4674 petrum
1633 4599 1917 4659 andream
1980 4601 2064 4660 ia-

934 4691 1153 4750 cobum
1220 4700 1278 4750 et
1346 4690 1664 4752 iohannem
1724 4695 2064 4770 piscatoreS,

930 4784 1039 4863 qui
1066 4802 1208 4844 mox
1236 4783 1421 4844 secuti
1447 4795 1587 4845 sunt
1613 4805 1767 4847 eum.

917 5122 963 5172 1.
996 5123 1323 5171 Abraham:
1357 5121 1527 5171 Adam
1550 5122 1616 5172 A.

918 5186 1066 5242 VIIL
1102 5202 1200 5238 om.
1216 5192 1403 5239 terrae
1433 5188 1607 5238 Thom.

2164 1767 2243 1832 Cf.
2273 1767 2616 1827 Thomas-ium,
2641 1767 2740 1816 uol.
2765 1767 2811 1815 I.
2830 1772 2886 1830 p.
2911 1778 3025 1829 319.

2158 1845 2436 1894 Edidimus
2450 1860 2514 1894 ex
2541 1845 2655 1895 Cod.
2677 1846 2803 1894 Cau.
2822 1843 3064 1892 adhibitis

2222 1922 2282 1972 in
2294 1924 2486 1971 notula}
2499 1921 2826 1971 uariantibus
2852 1921 3061 1970 Thoma-

2212 2001 2293 2050 sii
2328 2000 2617 2050 lectionibus
2625 2016 2648 2059 ;
2696 2014 2822 2064 quae
2860 2004 3063 2048 tantum

2219 2078 2293 2127 ad
2362 2078 2767 2141 orthographiam
2846 2082 3066 2141 spectant

2220 2156 2498 2205 omisimus.

2156 2234 2383 2283 Litterae
2411 2234 2658 2298 nigriores
2678 2234 2740 2282 in
2770 2232 2868 2283 cod.
2893 2228 3065 2282 rubri-

2220 2319 2356 2361 catae
2377 2318 2514 2361 sunt.

2154 2432 2213 2489 1.
2255 2432 2604 2489 Hatita-itas
2632 2431 2897 2490 christi.

2238 2523 2297 2582 ii.
2339 2522 2508 2599 Magi
2551 2541 2689 2583 curn
2726 2523 3064 2583 muneribus

2322 2618 2582 2677 ueniunt.

2240 2711 2316 2770 iii.
2358 2711 2438 2770 Et
2477 2710 2687 2788 ioseph
2727 2711 2805 2770 ab
2846 2710 3062 2789 angelo

2403 2824 2508 2884 per
2553 2807 2749 2864 uisum
2793 2805 3063 2865 admoni-

2404 2910 2513 2958 tus·
2585 2918 2722 2958 cum
2775 2919 2959 2978 puero
3007 2910 3066 2959 et

2410 3003 2596 3053 matre
2637 2995 2763 3055 eius
2804 2996 2868 3053 in
2895 2994 3066 3073 egip-

2407 3096 2535 3144 tum
2560 3086 2729 3164 fugit.

2243 3180 2337 3240 iiii.
2346 3179 2608 3241 Infantes
2625 3182 3064 3243 interficiuntur.

2163 3562 2257 3617 11.
2295 3562 2629 3631 Regresso
2667 3562 2795 3620 ihu
2834 3577 2924 3621 ex
2956 3577 3063 3620 ae-

2325 3660 2538 3726 gypt-,0
2565 3657 2907 3715 nazareth.

2244 3747 2300 3805 ii.
2344 3746 2441 3806 De
2468 3748 2817 3807 babtismate
2848 3747 3066 3808 Iohan-

2413 3842 2504 3900 nis
2531 3842 2591 3899 in
2622 3842 2937 3903 Ihordane.

2249 3935 2327 3994 iii.
2368 3935 2463 3995 De
2491 3937 2592 4012 xpi
2621 3937 2957 4014 baptimate.

2165 4033 2301 4090 111.
2342 4028 2467 4089 Ihs
2519 4036 2677 4101 post
2735 4033 3070 4091 ieiunium

2329 4128 2782 4196 quadraginta
2801 4128 3071 4186 dierum

2333 4225 2406 4279 et
2431 4221 2885 4292 quadraginta
2911 4237 3070 4280 noo-

2328 4315 2517 4372 tibus
2534 4319 2839 4374 tentatur
2861 4332 2902 4374 a
2921 4317 3069 4375 dia-

2332 4410 2519 4468 bulo.

2250 4597 2308 4654 ii.
2349 4594 2587 4654 Petrum
2629 4604 2689 4655 et
2735 4595 3069 4657 Ihoannem

2394 4690 2711 4766 piscatores
2731 4701 3070 4769 congregat.

2236 5121 2281 5172 1.
2307 5121 2401 5171 iiii.
2434 5125 2857 5173 interficiuntur
2887 5135 2926 5175 -ι-
2951 5139 3067 5174 eum

2169 5195 2346 5237 matre.

2237 5253 2307 5303 11.
2367 5252 2629 5317 Regressio
2647 5291 2665 5308 ,
2681 5290 2694 5302 .
2715 5290 2728 5302 .

2171 5317 2242 5368 iii.
2278 5319 2359 5379 xpi
2384 5318 2651 5382 baptismo.

2238 5384 2337 5433 ΙΙΙ.
2369 5384 2609 5434 noctium.
2694 5383 2748 5435 ii.
2799 5385 3000 5436 Petrum
3021 5392 3071 5435 et

2173 5450 2429 5499 Andream
2443 5451 2686 5500 Iacobum
2708 5457 2758 5500 et
2774 5450 3066 5501 Iohannem.

2174 5521 2508 5574 oonoerecat:
2546 5525 2711 5565 uocat.

2747 5254 2799 5302 in
2820 5253 3068 5306 nazareth.

3261 1675 3452 1725 BHG->J
3457 1674 3507 1724 T
3524 1691 3641 1724 aur.
3663 1676 3822 1726 Harl.
3845 1685 3992 1741 2797.

3171 1765 3251 1828 Cf:
3283 1766 3515 1816 Thomas.
3539 1766 3586 1816 I.
3608 1782 3659 1831 p.
3679 1779 3796 1829 324.

3167 1843 3445 1893 Edidimus
3493 1860 3556 1892 ex
3605 1845 3778 1894 Thom.
3824 1845 4068 1894 adhibitis

3230 1922 3576 1970 collationibus
3597 1922 3835 1972 codicum.

3167 2000 3492 2064 Impresserat
3541 2000 3716 2049 Thone.
3758 2016 3823 2049 ex
3841 2000 3974 2050 codd.
4010 2002 4063 2048 S.

3232 2077 3412 2139 Pauli,
3452 2076 3595 2128 Orat.
3635 2078 3706 2127 E.
3745 2077 3805 2126 16
3844 2085 3893 2128 et
3933 2078 4065 2127 codd.

3234 2155 3460 2219 Reginae
3478 2155 3703 2205 Suetiae.

3169 2422 3215 2481 I.
3259 2422 3318 2481 N
3321 2423 3547 2482 atiuitas
3575 2423 3789 2482 christi.

3333 2516 3651 2594 Magorum
3678 2535 3938 2576 munera.

3332 2608 3662 2671 Occultatio
3688 2611 3830 2670 iesu.

3331 2702 3592 2764 Infantes
3612 2705 4043 2765 interficiuntur.

3170 3563 3249 3623 ΙΙ.
3262 3563 3588 3642 Regressus
3606 3564 3707 3624 Ihs
3724 3583 3797 3623 ex
3816 3575 4071 3644 aegypto

3250 3657 3312 3717 in
3354 3658 3628 3719 nazareth
3655 3678 3692 3718 a
3720 3660 3975 3720 iohanne
4006 3661 4069 3718 in

3251 3752 3494 3813 iordane
3521 3753 3845 3831 baptizatus
3872 3766 3975 3815 est.

3172 4034 3284 4095 III.
3326 4033 3428 4094 nas
3482 4044 3799 4114 temptatus
3854 4055 3891 4096 a
3940 4037 4064 4096 dia-

3254 4129 3394 4189 bolo
3420 4129 3578 4189 uicit.

3173 4598 3415 4659 Petrum
3460 4610 3520 4660 et
3567 4599 3868 4673 andream,
3909 4601 4067 4661 iaco-

3254 4696 3397 4754 bum
3424 4704 3482 4754 et
3517 4694 3837 4754 iohannem
3877 4696 4068 4773 pisca-

3253 4799 3409 4849 tores
3477 4797 3770 4849 conuocat
3836 4799 3894 4848 et
3960 4789 4070 4848 cir-

3252 4883 3518 4942 cumiens
3544 4883 3740 4942 uarios
3758 4882 4071 4959 languores

3252 4976 3558 5036 hominum
3585 4986 3764 5037 curat.

3237 5124 3308 5175 11.
3344 5125 3620 5189 baptizatur
3641 5126 3699 5175 B.
