4717 6400
990 886 1203 949 Dff’GQ
1217 901 1333 935 aur.

663 1359 977 1422 XXXVII.
1022 1361 1115 1420 De
1157 1362 1338 1422 calice
1378 1371 1436 1420 et
1470 1361 1664 1421 catino

745 1456 1036 1515 mundatis
1064 1456 1316 1515 farisseis
1343 1455 1418 1515 de
1446 1454 1600 1515 foris.

663 1549 1010 1610 XXXVHI.
1053 1549 1148 1609 De
1176 1552 1367 1627 prima
1393 1549 1665 1610 cathedra

741 1655 798 1704 et
852 1646 1253 1704 monumentis
1301 1643 1664 1721 profetarum

740 1740 1074 1816 inproperat
1103 1738 1213 1797 dfis
1242 1739 1513 1798 farisseiS.

662 1927 1042 1988 XXXVIIII.
1117 1925 1274 1986 Dicit
1364 1928 1664 2005 discipulis

741 2021 1036 2080 adtendite
1074 2021 1131 2079 A
1173 2020 1459 2081 fermento
1501 2023 1663 2081 faris-

742 2133 975 2175 seorum
1012 2126 1070 2174 et
1100 2115 1201 2193 qui
1231 2115 1435 2174 dixerit
1462 2116 1522 2173 in
1552 2120 1664 2192 spu

741 2216 845 2269 εὸο
873 2227 998 2268 non
1026 2210 1345 2268 remittetur
1370 2209 1423 2268 ei
1463 2220 1520 2268 et
1555 2229 1662 2270 no-

743 2303 839 2362 lite
867 2304 1124 2380 cogitare
1153 2303 1294 2381 quid
1322 2302 1662 2381 loquamini.

656 3558 910 3618 hominis
950 3559 1145 3619 diuitis
1186 3562 1397 3620 uberes
1437 3559 1658 3619 fructus

738 3653 925 3712 attulit
955 3656 1266 3730 possessio,

659 4244 704 4251 ..-
729 4245 924 4252 ---
979 4247 1082 4252 —-
1125 4246 1232 4252 ὑ
1249 4247 1344 4251 '—

722 4296 995 4347 XXXVII.
1066 4298 1361 4347 mundantes
1437 4295 1486 4345 G
1535 4312 1651 4346 aur.
1704 4217 1709 4296 Ι

653 4361 939 4491 pharisaeos
980 4362 1043 4419 G,
1086 4363 1333 4427 pharisaei
1371 4364 1554 4427 Qaur.
1623 4379 1654 4412 a
1704 4307 1709 4412 Ι

673 4443 773 4477 ons
794 4428 852 4476 ΞΡ
854 4429 1031 4491 Qm
1704 4423 1709 4466 ³

721 4492 1020 4544 XXXVIII.
1060 4494 1124 4543 de
1167 4493 1351 4557 prlmas
1395 4494 1655 4544 cathedras

656 4557 887 4634 GQaur..
938 4566 1263 4609 monumenta
1286 4560 1385 4623 GQ
1401 4575 1515 4609 aur.
1571 4562 1653 4609 in-
1704 4537 1709 4580 ⁸

652 4639 837 4682 pron:
871 4623 1148 4675 innumerat
1162 4640 1296 4685 aur„
1325 4625 1557 4690 inprobat
1575 4625 1654 4683 G,

654 4703 706 4803 14)-
720 4690 1272 4811 ἰηῧῐορεταῒξῦΐεά
1137 4690 1653 4806 farisseisgiproperst

727 4771 777 4804 se
829 4771 892 4804 ex
1103 4757 1215 4805 aris.
1239 4757 1330 4805 dr'is

718 4820 870 4870 XXX
923 4820 1045 4870 1111.
1096 4822 1247 4872 ÷ubi
1303 4821 1374 4870 ad
1423 4822 1543 4870 init.
1588 4821 1652 4870 G.

654 4888 847 4936 diost-*-
863 4886 955 4936 diis
975 4902 1090 4935 aur.
1157 4903 1250 4936 om.
1271 4890 1565 4937 adtendite
1586 4888 1651 4936 D.

653 4959 713 5001 et
734 4954 834 5010 qul
854 4951 996 5016 (quid
1015 4951 1085 5014 Q)
1105 4956 1250 5001 dix..
1287 4953 1382 5001 inc.
1402 4952 1554 5002 XLII
1577 4952 1650 5002 ff.

651 5016 922 5082 loquemini
956 5017 1017 5080 Q.
1086 5021 1334 5068 hominii!
1358 5018 1453 5066 inc.
1478 5018 1573 5066 XL
1605 5017 1654 5065 G

657 5083 762 5146 (nbi
797 5082 921 5146 h.)Q
943 5098 1076 5144 aar„
1111 5099 1208 5132 mc.
1237 5082 1412 5131 XLIII
1448 5084 1519 5130 ΞΡ.

873 5164 905 5197 o
926 5147 1110 5197 adtulit
1131 5164 1247 5197 aur.

719 5212 829 5262 XL.
852 5214 1074 5262 nolite'
1051 5230 1148 5264 mc.
1164 5214 1285 5262 XLI
1303 5213 1365 5276 Q.
1382 5229 1494 5263 cum
1501 5221 1652 5278 prae
1700 5159 1708 5272 Ι

652 5279 840 5327 cedente
877 5279 936 5326 in
975 5279 1067 5327 ΧΙ
1103 5280 1218 5328 incl.
1260 5279 1461 5339 Gaura,
1502 5286 1550 5328 et
1593 5279 1653 5327 in
1701 5281 1706 5340 ί

652 5343 831 5392 XLIII
855 5344 928 5392 Ξ).
1012 5359 1046 5394 ÷
1064 5352 1112 5392 et
1135 5344 1260 5393 dicit
1282 5345 1352 5392 ad
1372 5315 1489 5393 i'm’t.
1516 5345 1579 5394 G.
1701 5355 1707 5472 ἰ

1701 5497 1708 5580 ὲ

656 3746 783 3806 XL.
848 3746 1046 3809 Nolite
1098 3749 1304 3808 soliciti
1353 3766 1483 3808 esse
1533 3750 1655 3807 ani·
1705 3733 1711 3836 ξ

737 3860 870 3902 mae
888 3843 1030 3919 quid
1052 3861 1200 3920 opus
1219 3844 1288 3903 sit
1307 3851 1366 3902 et
1382 3842 1497 3902 lilia
1514 3842 1654 3920 agri.
1705 3853 1710 3861 ·

1815 715 2340 777 SECUNDUM
2378 716 2725 778 LUCAM.

2093 884 2130 934 J
2156 885 2440 950 (capitula).

1766 1364 1895 1424 XL.
1971 1364 2090 1424 Ubi
2166 1365 2326 1443 apud
2401 1364 2770 1442 pharisaeum

1847 1460 2097 1536 prandet
2123 1469 2180 1518 et
2216 1459 2354 1518 dicit
2392 1459 2464 1517 de
2498 1459 2676 1519 calice
2714 1469 2772 1518 et

1848 1554 2046 1613 catino
2095 1564 2153 1613 et
2201 1554 2275 1612 de
2326 1554 2663 1631 elemosyna
2712 1565 2770 1613 et

1847 1648 2088 1708 mentha
2117 1658 2174 1707 et
2213 1648 2431 1707 anetho
2469 1658 2526 1706 et
2562 1666 2770 1708 monu-

1848 1744 2062 1803 mentis
2089 1754 2149 1802 et
2178 1743 2358 1803 claue.

1769 1928 1929 1988 XLI.
1965 1930 2056 1990 De
2078 1931 2337 2008 quinque
2359 1932 2692 2007 passeribus
2713 1941 2772 1990 et

1850 2025 1926 2085 de
1955 2024 2329 2085 confessione
2367 2035 2425 2084 et
2461 2027 2771 2102 negatione

1847 2137 1994 2179 eius.

1763 3556 1954 3617 XLII.
1999 3557 2093 3617 De
2124 3558 2366 3617 homine
2396 3558 2571 3618 diuite
2610 3560 2771 3619 cuius

1843 3653 2051 3711 uberes
2081 3652 2289 3712 adtulit
2317 3670 2475 3728 ager.

3758 736 3875 799 291

2998 884 3047 933 K
3065 885 3220 935 Harl.
3252 896 3380 951 2790
3403 886 3568 935 Nanc.
3592 885 3770 937 Bamb.

2876 1364 3198 1425 XXXVII.
3243 1365 3337 1424 De
3362 1366 3556 1425 calicis
3574 1367 3893 1443 exprobrat

2957 1469 3017 1519 et
3046 1460 3223 1519 catini
3252 1458 3613 1537 pharisaeos.

2875 1926 3222 1986 XXXVIII.
3280 1926 3398 1986 Ubi
3436 1928 3738 1987 uitandum
3775 1928 3883 1989 do-

2956 2033 3048 2082 cet
3103 2022 3216 2082 dfis
3270 2022 3714 2100 pharisaeorum
3769 2022 3884 2082 fer-

2958 2127 3225 2176 mentum
3262 2126 3320 2175 et
3353 2116 3497 2175 nihil
3537 2134 3672 2176 esse
3714 2135 3885 2194 oper·

2957 2221 3082 2270 tum
3119 2229 3230 2271 nec
3267 2211 3596 2271 timendum
3636 2229 3743 2272 eos
3780 2211 3882 2288 qui

2957 2323 3175 2382 corpus
3204 2306 3498 2366 occidunt.

2875 3556 3256 3618 XXXVIIII.
3300 3557 3416 3617 Pro
3451 3557 3735 3618 diuisione
3770 3558 3878 3619 he-

2956 3652 3213 3712 reditatis
3261 3663 3499 3729 rogatus
3546 3652 3628 3712 eis
3675 3654 3873 3712 simili-

2954 3747 3215 3806 tudinem
3247 3747 3437 3806 diuitis
3465 3749 3724 3825 exponit.
