4717 6400
1386 681 1926 741 PRAEFATIO
1979 682 2153 740 UEL
2202 680 2887 744 ARGUMENTUM
2919 683 3247 745 MARCI.
3701 703 3820 770 173

819 867 1053 931 dicitur
1071 876 1144 930 ut
1163 867 1532 931 sacerdotio
1557 868 1875 950 reprobus
1895 867 2263 945 haberetur,
2274 870 2391 932 sed
2413 879 2671 933 tantum
2693 870 3106 935 consentiens
3126 870 3281 934 fidei
3300 873 3824 954 praedestinatae

815 973 1033 1054 potuit
1064 968 1315 1048 electio,
1347 979 1420 1034 ut
1453 991 1572 1035 nec
1613 972 1706 1035 sic
1744 971 1807 1033 in
1846 991 2043 1052 opere
2084 973 2264 1036 uerbi
2305 974 2610 1055 perderet
2653 976 2833 1056 quod
2872 974 3052 1059 prius
3090 985 3416 1039 meruerat
3453 976 3517 1039 in
3557 998 3818 1060 genere,

812 1095 967 1138 nam
1021 1073 1474 1139 Alexandriae
1533 1075 1883 1157 episcopus
1942 1076 2082 1140 fuit.
2176 1075 2381 1140 Cuius
2445 1098 2564 1161 per
2622 1077 2879 1160 singula
2937 1099 3106 1160 opus
3163 1079 3325 1142 scire
3378 1087 3445 1143 et
3484 1081 3819 1165 ,euangelii

813 1178 880 1241 in
910 1199 982 1241 se
1018 1179 1196 1242 dicta
1232 1179 1576 1261 disponere
1612 1189 1677 1242 et
1718 1179 2129 1262 disciplinam
2160 1180 2226 1243 in
2272 1201 2344 1243 se
2390 1178 2556 1263 legis
2599 1202 2958 1265 agnoscere
3006 1191 3073 1247 et
3120 1182 3413 1245 diuinam
3460 1184 3712 1248 domini
3752 1186 3819 1248 in

814 1302 1006 1345 carne
1037 1281 1411 1365 intellegere
1441 1292 1743 1346 naturam
1770 1304 1786 1361 3
1828 1303 2003 1365 quae
2032 1294 2099 1346 et
2131 1304 2252 1347 nos
2284 1285 2573 1367 primum
2607 1285 2863 1367 requiri,
2894 1284 3133 1349 dehinc
3165 1286 3477 1368 inquisita
3509 1286 3818 1352 uolumus
3844 1306 3873 1357 s

813 1386 1104 1467 agnosci,
1125 1385 1445 1449 habentes
1479 1385 1845 1449 mercedem
1879 1385 2384 1465 exhortationiS,
2410 1389 2726 1469 quoniam
2750 1389 2863 1470 qui
2895 1387 3157 1472 plantat
3182 1398 3248 1452 et
3272 1389 3384 1470 qui
3416 1390 3587 1472 rigat
3611 1411 3816 1454 unum

811 1498 985 1566 sunt,
1020 1490 1133 1572 qui
1165 1497 1390 1553 autem
1422 1489 1899 1554 incrementum
1930 1501 2223 1574 praestat
2254 1492 2417 1555 deus
2448 1501 2563 1556 est.

2077 1695 2577 1781 EXPLICIT.]

813 1986 846 2019 a
893 1969 1154 2019 Marcione
1197 1968 1623 2023 κολοβοδάκτυλος
1667 1972 1876 2021 uidetur
1918 1973 2081 2022 dictus
2122 1975 2224 2037 (ap.

812 2048 1070 2112 Hippolrt.
1105 2047 1241 2098 haer.
1264 2049 1349 2097 vii.
1387 2051 1472 2111 3ο)
1509 2056 1672 2114 utpote
1706 2051 1916 2115 ignauus
1952 2051 2084 2113 (Act.
2121 2052 2223 2100 xiii-

821 2137 896 2186 13,
931 2140 1010 2173 xv.
1055 2126 1158 2188 38),
1193 2126 1281 2174 sed
1311 2126 1393 2174 laic
1429 2128 1500 2175 ad
1535 2127 1745 2175 uerbum
1783 2127 2032 2190 redditur,
2071 2136 2119 2179 et
2154 2130 2226 2177 sic

816 2202 1218 2253 colobodactilus
1241 2205 1298 2252 in
1322 2204 1369 2253 T
1379 2213 1436 2269 p.
1465 2216 1573 2267 171.

881 2294 923 2330 ῐ.
959 2281 1250 2347 pollicenjdi
1270 2281 1451 2331 dicitur
1472 2283 1507 2334 l.
1592 2283 1781 2334 dicetur
1804 2282 1888 2331 H*
1922 2285 2066 2346 (corr.
2106 2284 2220 2345 11¹).

811 2365 908 2408 ut:
973 2365 1022 2408 et
1068 2360 1130 2422 Q.
1218 2375 1456 2425 reprouus
1502 2362 1566 2411 Ο.
1661 2361 2014 2428 praedistinata
2069 2362 2222 2425 EZPQ

813 2437 1035 2498 (-des.)Y
1057 2444 1106 2486 et
1125 2437 1263 2501 pred.
1289 2439 1357 2487 D.

881 2529 923 2563 2.
958 2514 1173 2565 helectio
1229 2514 1286 2565 C.
1377 2516 1561 2580 hopere
1610 2518 1667 2567 C.
1748 2518 1989 2582 perderet.
2074 2517 2220 2582 Quod

810 2594 947 2657 prius
980 2599 1222 2643 meruerat
1261 2594 1312 2643 in
1348 2610 1526 2659 genere
1559 2610 1676 2644 uam
1715 2596 1787 2645 sic
1823 2595 2098 2659 distinguit
2137 2594 2219 2642 Ns.

810 2671 1088 2736 perdiderat
1112 2671 1176 2734 Q.

877 2765 922 2813 3.
956 2766 1090 2802 nam
1115 2763 1153 2799 -ι-
1181 2758 1232 2800 et
1265 2750 1507 2800 KM'wz.
1581 2752 1928 2802 halexandriae
1953 2751 2011 2801 C.
2082 2751 2220 2817 aepi-

808 2844 991 2894 scopus
1013 2828 1182 2892 CEPQ.
1250 2832 1412 2879 ouius
1448 2830 1548 2895 (cui
1584 2831 1648 2891 E)
1682 2831 1864 2879 scilicet
1890 2837 1994 2879 erat
2026 2846 2219 2888 munus,

809 2909 897 2957 uel
913 2909 1012 2957 tale
1034 2907 1164 2971 quid
1176 2907 1572 2956 subaudiendum
1602 2916 1763 2957 monet
1789 2909 2022 2959 Hortius.
2091 2924 2219 2966 per:

809 2994 859 3034 et
879 3002 995 3034 aur.
1013 2984 1268 3050 hopusC;
1314 2997 1351 3035 ÷
1383 2993 1457 3035 est
1480 2985 1564 3043 D;
1610 2998 1646 3035 4-
1676 2985 1848 3034 suitW
1866 2986 1998 3045 edd.;
2031 2987 2219 3050 cJISed.

805 3068 820 3091 ‘
839 3064 921 3112 leis
939 3064 1247 3112 sententiolis
1267 3064 1498 3112 omnibus
1523 3063 1731 3112 uerbum
1747 3064 1881 3128 quod
1895 3071 1966 3112 est
1986 3065 2220 3116 uolumus

797 3150 896 3208 per
927 3157 1130 3206 zeugma
1169 3141 1547 3190 subnectendum
1581 3149 1668 3203 est,
1692 3148 1754 3190 ut
1777 3143 1845 3190 sit
1869 3158 2042 3191 sensus
2077 3144 2220 3193 cuius

808 3237 897 3285 per
929 3219 1128 3284 singula
1163 3236 1290 3284 opus
1328 3220 1452 3268 scire
1491 3219 1748 3270 uolumns’
1780 3227 1884 3282 etc„
1924 3222 2012 3271 sed
2040 3222 2217 3286 inepte·

805 3302 950 3348 seire
979 3305 1036 3347 et
1057 3298 1492 3349 ACDH'TWXZ'
1512 3316 1627 3347 aur.
1650 3299 1752 3347 edd.
1778 3305 1826 3347 et
1846 3303 1992 3349 noire
2016 3306 2217 3349 tantum

806 3375 854 3424 Y
875 3393 900 3424 c
922 3375 1064 3424 Sed:
1121 3377 1265 3425 sciret
1328 3374 1802 3426 EHoKNrovzv.
1885 3377 2096 3442 heuang.
2155 3378 2215 3429 C»

806 3470 1012 3518 aeuang.
1036 3454 1097 3510 E,
1121 3470 1359 3518 aenangu.
1386 3455 1452 3502 D.

2480 1990 2525 2036 4.
2567 1982 2622 2029 >
2640 1973 2774 2024 dieta
2796 1974 2846 2022 in
2871 1989 2923 2023 se
2947 1975 3013 2022 D.
3081 1973 3361 2038 disponeret
3384 1971 3517 2035 02¹⁸,
3537 1979 3588 2022 et
3605 1989 3698 2024 om.
3723 1991 3817 2040 seq.

2412 2057 2471 2100 et
2499 2050 2580 2100 2⁸².
2647 2050 2909 2115 disciplina
2943 2051 2976 2099 l.
3043 2058 3329 2115 agnosceret
3353 2050 3611 2112 CH*OY;
3644 2068 3675 2101 a
3703 2067 3819 2117 cog-

2412 2145 2611 2180 noscere
2635 2137 2709 2179 est
2733 2130 2795 2193 Q.
2863 2136 2923 2178 et
2944 2144 3030 2179 sec.
3054 2135 3161 2192 sup.
3186 2128 3280 2176 lin.
3304 2127 3367 2177 Ο.

2479 2222 2588 2271 4-5.
2627 2211 2843 2257 domini
2897 2210 2960 2255 in
3011 2221 3178 2256 earne
3222 2221 3335 2253 cum
3381 2206 3623 2258 ADFPK:
3678 2215 3733 2264 >
3768 2210 3819 2258 in

2411 2302 2556 2353 earne
2569 2285 2758 2335 domini
2777 2282 3227 2335 CH¹o00¹TWXc
3244 2283 3369 2342 Sed„
3387 2284 3490 2332 edd.
3509 2299 3522 2343 ;
3551 2285 3601 2333 ia
3624 2301 3819 2335 carnem

2410 2363 2559 2413 deum
2594 2361 2700 2423 0¹¹3
2746 2363 2793 2411 in
2829 2377 2973 2413 carne
3008 2364 3120 2427 (om.
3162 2362 3285 2421 dni)
3321 2361 3580 2412 EMVzcl
3604 2379 3738 2424 aur„
3774 2370 3822 2412 et

2410 2441 2460 2490 in
2487 2457 2685 2491 carnem
2708 2438 2857 2501 Yz*;
2890 2442 2941 2490 in
2966 2456 3113 2490 carne
3134 2439 3221 2489 iliu
3246 2439 3347 2488 H*.

2477 2532 2521 2582 5.
2557 2518 2830 2584 intelligere
2843 2519 2948 2568 HT
2966 2535 2991 2567 c
3012 2517 3137 2577 Sed„
3154 2517 3274 2577 edd„
3306 2516 3529 2567 intellere
3550 2518 3696 2582 lapsu
3720 2519 3788 2568 M*
3802 2535 3817 2578 ;

2409 2596 2717 2661 intellegeret
2761 2597 2823 2645 Y.
2902 2602 2962 2646 et
3006 2610 3111 2646 noe
3163 2611 3275 2644 cum
3318 2593 3630 2645 A*D3PKM'
3631 2596 3709 2647 V:
3764 2597 3817 2647 in

2409 2690 2502 2723 nos
2534 2674 3106 2725 AQEHQOTWXYZ
3128 2689 3152 2722 c
3173 2674 3198 2722 l
3216 2673 3345 2733 Sed,
3379 2674 3483 2722 edd.
3550 2674 3699 2738 primi
3734 2674 3819 2735 Dg

2423 2765 2459 2802 -1-
2497 2758 2696 2817 oportet
2751 2752 2934 2800 Kvw.
3025 2750 3248 2815 requiriri
3303 2752 3376 2809 E;
3434 2750 3622 2816 nequiri
3668 2752 3816 2811 WY3

2409 2832 2587 2895 requiri
2631 2838 2831 2896 oportet
2861 2831 2965 2879 edd.
3015 2829 3203 2894 (eloqui
3235 2844 3317 2894 op.
3353 2830 3654 2893 Paganini).
3721 2834 3813 2879 de·

2408 2912 2570 2958 hino:
2605 2910 2721 2959 dein
2744 2908 2852 2958 CT.
2918 2908 3197 2973 inquaesita
3229 2906 3364 2971 DQ;
3402 2907 3689 2972 inquisitam
3727 2908 3813 2968 H;

2421 2999 2458 3037 ÷
2473 2987 2556 3051 qui
2580 2986 2675 3036 sita
2697 2986 2761 3050 Q.

2472 3062 2521 3114 6.
2555 3064 2792 3129 hagnosci
2809 3064 2851 3113 C
2872 3079 2886 3123 ς
2918 3079 3182 3129 agnoscere
3203 3063 3228 3111 I
3244 3079 3358 3113 aur.
3419 3063 3681 3113 mercidem
3705 3063 3813 3127 EPQ

2405 3157 2521 3190 aur.
2564 3141 2886 3191 exortationis
2904 3140 3222 3207 CWOQZI,
3240 3142 3539 3191 exorationis
3561 3141 3620 3190 E.
3671 3141 3811 3207 plan-

2406 3227 2513 3270 tant
2536 3221 2596 3270 O.
2666 3222 2826 3286 rigant
2848 3221 2953 3270 ΗΟ
2974 3237 2986 3280 ;
3022 3221 3202 3285 inrigat
3223 3220 3339 3284 DQ.

2476 3311 2518 3364 7.
2554 3306 2741 3364 prestat
2770 3300 2901 3360 CD;
2933 3298 3020 3349 dat
3053 3299 3240 3349 ΗΘΟΙ.
3310 3314 3403 3347 om.
3441 3303 3528 3348 eet
3538 3299 3645 3364 fin.
3675 3297 3812 3356 (ΣΞΡς

2405 3376 2467 3441 cs.
2504 3378 2531 3427 1
2570 3379 2681 3428 Cor.
2718 3377 2789 3426 iii.
2824 3374 2873 3433 6,
2911 3386 2953 3440 7,
2998 3379 3047 3438 8,
3082 3377 3170 3426 sed
3195 3376 3541 3439 Hieronymus
3574 3377 3693 3440 legit
3725 3376 3812 3441 qui

2406 3455 2759 3506 incrementum
2781 3455 2868 3505 dat
2891 3455 3027 3505 deus.

870 3604 914 3653 S
912 3604 1068 3653 ubscr.
1093 3604 1403 3664 expuoitA,
1422 3604 1624 3668 explicit
1640 3605 2096 3669 praefatioCEM'V
2096 3642 2112 3667 ‚
2122 3605 2327 3670 explicit
2344 3606 2585 3670 prologus
2601 3605 2775 3665 HOX,
2786 3605 2994 3670 explicit
3011 3610 3356 3668 argumentum
3374 3603 3442 3662 K,
3459 3609 3554 3667 exp
3572 3604 3817 3667 praefatio

804 3681 1052 3746 euangelii
1077 3682 1230 3731 marci
1256 3683 1307 3742 Z,
1327 3681 1456 3745 expl.
1480 3698 1648 3748 praep.
1673 3683 1871 3733 secund.
1894 3688 2061 3733 marcii
2083 3689 2215 3744 a‘ur„
2237 3683 2347 3732 finit
2364 3689 2705 3748 argumentum
2729 3684 2881 3732 marci
2904 3683 2979 3742 C;
3012 3682 3155 3731 nihil
3172 3681 3353 3730 habent
3372 3681 3709 3744 ffoQva.

869 3810 1068 3859 Deinde
1086 3812 1319 3875 sequitur
1337 3811 1396 3859 in
1419 3811 1467 3860 Θ
1491 3812 1617 3861 Item
1640 3811 1743 3861 alia
1764 3810 2019 3876 praefatio.

937 3909 1156 3958 PETRus
1190 3910 1447 3974 apostolus
1477 3911 1748 3960 secundum
1779 3910 2017 3962 historiae
2050 3910 2195 3961 fidem
2229 3909 2417 3961 claudii
2449 3910 2755 3975 temporibus
2787 3910 2851 3959 de
2884 3909 3087 3959 orientis
3115 3909 3344 3975 partibus
3372 3908 3643 3959 adueniens
3670 3925 3809 3960 rome

803 3991 924 4051 xpm
960 3987 1247 4052 praedicare
1280 3990 1525 4053 coepisset
1611 3989 1691 4039 Ita
1725 4004 1888 4038 sermo
1922 3989 2027 4039 eius
2059 3991 2400 4039 uniuersorum
2432 3997 2624 4040 mentes
2662 3989 2867 4053 placido
2905 3988 3189 4038 inlustrauit
3221 3987 3438 4037 aduentu
3470 3994 3524 4036 ut
3550 3987 3810 4053 quotdidie

803 4065 1116 4115 audientibus
1146 4082 1260 4116 eum
1289 4066 1430 4118 nulla
1459 4083 1696 4132 umquam
1725 4069 1929 4118 satietas
1959 4068 2095 4119 fieret
2162 4068 2308 4118 Unde
2335 4084 2496 4133 neque
2525 4067 2718 4116 auditio
2746 4068 2852 4117 eius
2881 4067 2990 4116 sola
3021 4064 3211 4116 suffecit
3235 4065 3322 4114 sed
3344 4081 3566 4115 marcum
3587 4066 3807 4115 eiusdem

804 4146 933 4208 petri
965 4144 1268 4209 discipulum
1298 4147 1530 4200 omnibus
1559 4146 1788 4212 precibus
1819 4153 2025 4196 exorant
2051 4154 2107 4195 ut
2139 4162 2199 4196 ea
2232 4161 2359 4211 qnae
2393 4145 2481 4195 ille
2513 4146 2668 4194 uerbo
2700 4144 3024 4210 praedicabat
3056 4144 3122 4193 ad
3156 4149 3445 4209 perpetuam
3475 4158 3645 4192 eorum
3670 4159 3807 4193 com·

803 4221 1128 4272 monitionem
1158 4223 1440 4274 habendam
1470 4225 1743 4290 scripturae
1772 4226 1986 4275 traderet
2016 4232 2073 4274 ut
2103 4223 2241 4275 domi
2273 4224 2488 4289 forisque
2518 4224 2569 4272 in
2600 4222 2944 4273 huiuscemodi
2970 4222 3109 4271 uerbi
3140 4221 3468 4272 meditatione
3488 4229 3810 4287 permaneant

803 4301 913 4350 Nec
945 4301 1082 4364 prius
1111 4301 1179 4350 ab
1207 4302 1514 4353 obsecrando
1547 4303 1791 4352 desistunt
1825 4318 1974 4368 quam
2005 4319 2132 4369 quae
2163 4310 2423 4352 orauerant
2454 4303 2757 4365 inpetrarent
2836 4302 2904 4350 Et
2934 4302 3059 4351 haec
3082 4300 3178 4349 fuit
3207 4316 3359 4350 causa
3386 4299 3633 4351 scribendi
3661 4300 3808 4349 huius

803 4380 940 4445 quod
962 4380 1232 4429 secundum
1256 4396 1476 4432 marcum
1500 4382 1683 4431 dicitur
1703 4381 1985 4447 euuangelii
2006 4383 2182 4432 Petrus
2205 4397 2323 4431 uero
2345 4390 2402 4431 ut
2425 4397 2513 4447 per
2536 4388 2641 4443 svm
2665 4383 2767 4430 sem
2789 4380 3026 4445 religioso
3043 4394 3097 4430 se
3119 4378 3389 4444 spoliatum
3412 4379 3655 4443 comperit
3676 4378 3808 4428 furto

803 4457 1078 4507 delectatus
1110 4466 1184 4507 est
1221 4458 1371 4507 fidem
1399 4458 1602 4508 illorum
1631 4475 1721 4524 per
1741 4459 1866 4510 haec
1893 4458 2304 4524 deuotionemque
2334 4459 2652 4510 considerans
2685 4460 2970 4524 factumque
3003 4456 3317 4508 confirmauit
3346 4463 3397 4506 et
3426 4456 3480 4505 in
3511 4465 3807 4523 perpetuum

803 4534 1065 4599 legendam
1088 4538 1385 4600 scripturam
1409 4537 1603 4587 eclesiis
1624 4536 1828 4587 tradidit
1917 4538 2088 4587 Huius
2108 4538 2264 4587 marci
2288 4539 2337 4587 in
2363 4538 2525 4603 prima
2546 4537 2763 4603 epistola
2792 4553 2881 4587 sua
2911 4538 3046 4586 idem
3073 4542 3238 4600 petrus
3261 4550 3411 4600 quam
3437 4534 3501 4583 de
3520 4536 3642 4584 urbe
3664 4551 3807 4584 roma

803 4613 979 4663 scribit
1008 4615 1236 4663 meminit
1303 4614 1364 4663 In
1395 4631 1495 4679 qua
1519 4616 1709 4680 tropice
1736 4631 1930 4665 romam
1959 4614 2260 4679 babylonam
2281 4616 2508 4666 nominat
2537 4632 2688 4682 quum
2718 4617 2843 4667 dicit
2908 4615 3106 4666 Salutat
3127 4631 3221 4664 uos
3242 4631 3301 4664 ea
3322 4630 3451 4679 quae
3478 4614 3528 4664 in
3559 4614 3805 4678 babylone

802 4692 980 4741 eclesia
999 4700 1074 4741 est
1097 4699 1147 4741 et
1169 4708 1364 4743 marcus
1387 4691 1517 4742 filius
1540 4709 1678 4743 meus
1727 4694 1830 4744 Hic
1852 4694 1984 4743 enim
2007 4709 2203 4744 marcus
2224 4694 2492 4744 secundum
2518 4709 2712 4744 earnem
2736 4695 2799 4743 de
2819 4709 2998 4759 genere
3019 4691 3311 4742 sacerdotali
3333 4691 3630 4741 descendens
3651 4690 3805 4741 lenita

802 4784 1068 4819 conuersus
1099 4770 1166 4819 ad
1200 4770 1349 4819 fidem
1384 4770 1470 4835 xpi
1505 4771 1631 4835 petri
1665 4773 1716 4820 in
1752 4772 2009 4837 baptismo
2040 4771 2175 4821 filius
2204 4777 2311 4822 erat
2383 4772 2484 4835 Qui
2517 4779 2692 4837 postea
2725 4772 2792 4821 ad
2822 4779 3059 4836 egyptum
3090 4784 3300 4836 pergens
3332 4769 3456 4818 inibi
3489 4769 3804 4833 euangelium

800 4848 1114 4912 praedicauit
1138 4855 1187 4897 et
1209 4848 1316 4913 ipse
1336 4850 1528 4913 primus
1561 4849 1795 4899 eclesiam
1817 4849 1952 4915 apud
1982 4849 2324 4900 alexandriam
2348 4850 2604 4900 constituit
2627 4851 2678 4898 in
2702 4865 2800 4915 qua
2822 4858 2872 4900 et
2893 4849 3110 4914 primum
3143 4848 3252 4913 ipse
3272 4848 3533 4912 episcopus
3554 4848 3647 4897 suit
3700 4846 3809 4896 Hic

802 4925 955 4989 igitur
975 4925 1244 4975 secundum
1265 4926 1434 4976 locum
1458 4926 1509 4976 in
1531 4927 1942 4992 euangelistarum
1965 4928 2137 4978 ordine
2159 4935 2331 4978 tenens
2352 4928 2513 4978 leonis
2536 4928 2744 4994 figuram
2766 4943 2943 4992 gerens
3009 4926 3143 4991 Quia
3170 4927 3340 4975 statim
3372 4926 3425 4974 in
3454 4924 3701 4990 euangelii
3728 4924 3802 4974 sui

801 5003 1048 5069 principio
1069 5004 1211 5069 quasi
1233 5004 1314 5054 leo
1337 5005 1388 5053 in
1412 5005 1613 5055 heremo
1636 5005 1883 5056 exclamat
1905 5007 2074 5056 dicens
2140 5006 2256 5056 on
2279 5006 2540 5056 clamantis
2564 5006 2617 5055 in
2649 5006 2847 5056 deserto
2876 5005 3079 5055 Scilicet
3102 5005 3221 5070 quia
3241 5004 3305 5054 de
3326 5004 3529 5054 excelsis
3551 5003 3802 5067 accipiens

801 5087 913 5147 spru
936 5083 1164 5132 uniuersa
1188 5083 1242 5132 in
1271 5084 1505 5147 mysterio
1530 5084 1764 5134 sublimia
1791 5085 1878 5150 xpi
1902 5091 2043 5149 gesta
2068 5085 2321 5135 contexuit
2340 5084 2543 5135 Omissa
2569 5086 2702 5134 enim
2731 5083 2919 5135 carnali
2947 5083 3054 5134 eius
3081 5082 3398 5148 generatione
3430 5082 3601 5131 statim
3624 5099 3657 5132 a
3676 5083 3800 5146 bap-

799 5159 935 5210 tismi
956 5160 1274 5225 generatione
1295 5176 1499 5212 exorsus
1521 5162 1878 5227 Expulsionem
1902 5163 2081 5213 deserti
2104 5164 2380 5213 Numerum
2408 5163 2578 5213 ieiunii
2600 5163 3007 5228 Temptationem
3029 5161 3219 5211 diaboli
3240 5161 3508 5210 bestiarum
3531 5176 3798 5226 congrega-

803 5238 990 5288 tionem
1013 5246 1064 5288 et
1087 5239 1407 5289 ministerium
1429 5241 1637 5305 protulit
1659 5240 1950 5305 angelorum
2007 5241 2075 5291 Ut
2098 5248 2218 5306 xpm
2241 5242 2381 5306 sequi
2403 5241 2686 5292 uolentibus
2708 5247 2759 5292 et
2782 5240 3022 5306 originem
3045 5241 3236 5305 primae
3256 5239 3536 5289 natiuitatis
3557 5238 3798 5290 obliuioni

802 5316 1091 5368 tradendam
1116 5325 1408 5369 monstraret
1429 5327 1476 5369 et
1499 5319 1894 5370 renuntiantibus
1914 5319 2115 5370 saeculo
2137 5319 2288 5370 nullis
2304 5320 2578 5370 cedendum
2601 5320 2793 5371 diaboli
2814 5318 3222 5385 temptationibus
3241 5317 3484 5368 edoceret.

2048 5454 2266 5519 Explicit
2299 5453 2557 5519 praefatio.

3169 5553 3215 5600 A
3248 5560 3289 5601 a
3330 5555 3364 5598 2
