4717 6400
661 697 773 748 111.
795 679 1029 771 39—45.]

578 862 633 906 ³⁹
653 871 774 922 (¹2⁸⁴
794 870 840 923 ⁶)
866 872 1000 956 Qui
1031 874 1435 957 respondens
1465 873 1563 936 ait
1594 871 1724 936 illis

648 978 983 1062 generatio
1064 976 1240 1040 mala
1313 987 1383 1042 et
1441 976 1745 1041 adultera
1801 975 2065 1060 signum

736 1081 994 1162 quaerit

647 1191 717 1248 et
743 1183 1007 1267 signum
1030 1203 1160 1246 non
1190 1182 1458 1247 dabitur
1484 1183 1545 1245 ei

648 1285 772 1350 nisi
801 1287 1062 1369 signum
1093 1286 1281 1349 ionae
1310 1285 1675 1368 prophetae

576 1390 820 1454 ⁴⁰sicut
845 1390 1021 1453 enim
1052 1390 1174 1454 fuit
1204 1389 1389 1453 ionas
1419 1390 1484 1451 in
1515 1399 1742 1453 uentre
1770 1390 1897 1454 ceti

649 1493 864 1559 tribus
894 1493 1126 1557 diebus
1156 1503 1222 1556 et
1253 1493 1463 1558 tribus
1494 1493 1800 1557 noctibus

646 1597 741 1660 sic
768 1596 893 1660 erit
921 1595 1097 1662 filius
1120 1596 1406 1660 hominis
1436 1598 1502 1659 in
1531 1597 1729 1660 corde
1759 1606 1968 1661 terrae

644 1701 854 1765 tribus
881 1699 1114 1765 diebus
1143 1710 1212 1766 et
1240 1701 1450 1765 tribus
1481 1701 1802 1766 noctibus

572 1807 626 1849 ⁴¹
646 1804 795 1869 Uiri
835 1805 1166 1870 nineuitae
1207 1815 1477 1888 surgent
1520 1807 1584 1868 in
1630 1805 1872 1870 iudicio
1908 1825 2059 1871 cum

727 1908 1147 1990 generatione
1177 1909 1302 1973 ista

642 2022 710 2075 et
741 2012 1275 2077 condemnabunt
1303 2032 1451 2075 eam

643 2115 799 2198 quia
830 2116 1301 2198 paenitentiam
1324 2124 1599 2200 egerunt
1629 2116 1697 2179 in
1725 2116 2055 2200 praediea-

727 2218 906 2283 tione
934 2220 1122 2283 ionae

642 2332 711 2387 et
739 2343 890 2387 ecce
916 2323 1068 2415 plus
1097 2343 1300 2406 quam
1331 2322 1481 2387 iona
1508 2322 1613 2388 hic

570 2437 628 2478 ⁴²
646 2426 868 2510 regina
925 2426 1131 2490 austri
1195 2436 1420 2511 surget
1477 2428 1544 2491 in
1604 2428 1844 2493 iudicio
1901 2447 2053 2492 cum

725 2531 1144 2613 generatione
1170 2531 1298 2596 ista

1281 684 1927 748 EUANGELIUM
1959 685 2486 747 SECUNDUM
2523 685 2658 746 MA
2676 684 3085 748 TTHEUM
3599 687 3682 767 89

2269 881 2334 936 et
2366 873 2834 938 condemnabit
2862 895 3010 937 eam

2268 976 2425 1058 quia
2454 977 2636 1041 uenit
2667 997 2707 1040 a
2737 976 2975 1040 finibus
3010 984 3224 1040 terrae
3249 975 3475 1039 audire
3506 976 3680 1059 sapi-

2354 1080 2601 1144 entiam
2631 1082 2989 1144 salomonis

2266 1192 2335 1248 et
2368 1205 2518 1248 ecce
2549 1184 2696 1269 plus
2727 1204 2927 1267 quam
2958 1183 3262 1248 salomon
3291 1182 3416 1248 hic.

2190 1283 2249 1323 ⁴3
2267 1285 2388 1336 (12⁹·
2414 1285 2458 1334 ⁵)
2493 1287 2663 1353 Cum
2724 1299 2948 1352 autem
3008 1287 3359 1351 inmundus
3411 1286 3680 1370 spiritus

2350 1391 2587 1455 exierit
2614 1391 2700 1455 ab
2729 1390 2995 1454 homine

2261 1493 2560 1558 ambulat
2589 1515 2706 1577 per
2731 1492 2876 1558 loca
2906 1493 3090 1557 arida

2262 1617 2579 1678 quaerens
2610 1599 2900 1679 requiem
2930 1607 2997 1661 et
3030 1617 3159 1660 non
3192 1595 3442 1661 inuenit

2183 1698 2242 1738 ⁴⁴
2259 1710 2416 1764 tunc
2468 1700 2628 1765 dicit
2678 1712 2965 1766 reuertar
3012 1702 3077 1764 in
3128 1700 3405 1764 domum
3453 1719 3670 1762 meam

2347 1804 2522 1867 unde
2551 1805 2731 1868 exiui

2259 1917 2327 1972 et
2356 1909 2625 1972 ueniens
2657 1907 2905 1971 inuenit
2933 1917 3278 1972 uacantem

2258 2012 2477 2096 scopis
2508 2013 2893 2076 mundatam
2924 2020 2991 2074 et
3023 2021 3320 2074 ornatam

2185 2122 2242 2163 4³
2258 2126 2418 2180 tunc
2477 2114 2660 2179 uadit
2723 2125 2792 2179 et
2849 2113 3122 2179 assumit
3177 2123 3432 2195 septem
3501 2111 3672 2177 alios

2345 2219 2614 2302 spiritus
2644 2238 2866 2281 secum
2898 2217 3241 2299 nequiores
3270 2237 3341 2281 se

2257 2332 2326 2388 et
2356 2323 2674 2386 intrantes
2702 2320 3001 2385 habitant
3034 2320 3124 2383 ibi

2254 2436 2324 2491 et
2346 2424 2512 2490 fiunt
2541 2425 2896 2490 nouissima
2923 2423 3208 2488 hominis
3239 2421 3411 2485 illius
3439 2421 3668 2503 peiora

2340 2528 2671 2613 prioribus

640 2737 677 2778 a
703 2729 761 2778 te
788 2719 1023 2795 signum
1050 2718 1270 2778 uidere.
1326 2714 1369 2751 ⁸⁹
1389 2719 1541 2778 iesus
1569 2729 1765 2779 autem
1792 2719 2152 2797 respondens
2179 2719 2261 2777 ait
2287 2718 2414 2777 inis.
2470 2717 2766 2795 generatio
2788 2715 2961 2774 mala.
3011 2725 3070 2774 et
3096 2712 3371 2774 adultera.
3429 2715 3662 2791 signum

642 2813 882 2892 quaerit.
930 2823 990 2871 et
1030 2813 1263 2890 signum
1304 2830 1427 2871 non
1465 2813 1696 2872 dabitur
1729 2814 1799 2873 ei.
1858 2814 1968 2873 nisi
2004 2816 2236 2890 signum
2278 2813 2450 2872 ionae
2490 2810 2828 2889 prophetae.
2886 2808 2934 2842 ⁴⁰
2949 2810 3098 2868 sicut
3132 2809 3291 2868 enim
3327 2807 3436 2867 fuit
3476 2809 3662 2870 ionas.

643 2908 704 2966 in
767 2917 967 2966 uentre
1036 2907 1206 2966 coeti.
1284 2907 1469 2967 tribus
1529 2907 1734 2967 diebus
1800 2918 1860 2967 et
1920 2908 2101 2967 tribus
2160 2908 2451 2966 noctibus.
2532 2906 2616 2964 sic
2680 2905 2787 2962 erit
2853 2903 3003 2962 filius
3055 2902 3311 2963 hominis
3367 2902 3430 2961 in
3484 2904 3664 2963 corde

641 3011 844 3060 terrae.
900 3001 1080 3060 tribus
1114 3000 1317 3060 diebus
1354 3010 1411 3060 et
1455 3001 1635 3060 tribus
1681 3001 1970 3061 noctibus.
2042 2998 2087 3033 ⁴¹
2103 3001 2212 3060 uiri
2246 3000 2539 3059 nineuime
2574 3008 2812 3075 surgent
2847 2998 2909 3055 in
2940 2997 3172 3055 iudiciO.
3241 3013 3378 3056 cum
3418 3014 3662 3073 genera-

640 3095 800 3154 tione
844 3095 972 3153 ista.
1048 3105 1107 3154 et
1159 3093 1641 3154 condemnabunt
1698 3113 1848 3155 eam.
1906 3095 2045 3173 quia
2091 3094 2505 3172 paenitentiam
2551 3102 2813 3168 egerunt.
2883 3093 2946 3149 in
2991 3090 3422 3169 praedicatione
3464 3091 3656 3149 ionae.

641 3199 700 3249 et
743 3208 881 3249 ecce
934 3190 1248 3267 plusquam
1280 3189 1419 3249 iona
1460 3188 1570 3250 hic.
1639 3189 1686 3225 ⁴²
1703 3190 1903 3268 regina
1945 3190 2140 3251 austri.
2200 3199 2397 3265 surget
2437 3188 2499 3246 in
2539 3187 2777 3247 iudicio.
2848 3203 2988 3245 cum
3033 3185 3410 3263 generatione
3450 3184 3561 3244 ista
3599 3193 3660 3243 et

642 3283 1059 3344 condemnauit
1094 3302 1245 3342 eam.
1312 3283 1450 3360 quia
1486 3285 1649 3343 uenit
1689 3302 1726 3343 a
1759 3284 1973 3344 finibus
2017 3294 2216 3344 terrae.
2266 3281 2468 3341 audire
2507 3281 2858 3359 sapientiam
2887 3278 3217 3339 salomonis.
3272 3287 3328 3338 et
3356 3297 3495 3339 ecce
3523 3278 3655 3356 plus

640 3379 945 3438 salomone
971 3377 1084 3437 hic.

803 3472 850 3504 ⁴⁸
866 3489 1003 3530 cum
1041 3482 1238 3530 autem
1276 3452 1596 3531 inmundus
1638 3472 1869 3549 spiritus
1905 3471 2105 3531 exierit
2141 3470 2218 3529 ab
2254 3468 2492 3531 homine
2529 3468 2790 3527 ambulat
2824 3485 2929 3544 per
2965 3467 3096 3526 loca
3133 3465 3310 3525 arida.
3368 3482 3654 3542 quaerens

641 3564 902 3642 requiem
930 3575 989 3624 et
1015 3562 1137 3624 non
1165 3564 1401 3623 inuenit.
1456 3565 1501 3597 ⁴⁴
1524 3574 1662 3624 tunc
1702 3564 1854 3625 dicit.
1920 3574 2173 3624 reuertar
2216 3564 2278 3622 in
2318 3564 2561 3623 domum
2603 3579 2815 3621 meam.
2872 3561 3029 3620 unde
3068 3559 3239 3619 exiui.
3297 3568 3354 3618 et
3408 3559 3654 3617 ueniens

640 3659 861 3718 inuenit
905 3668 1216 3718 uacantem
1260 3658 1455 3734 scopis
1502 3658 1861 3718 mundatam.
1929 3669 1987 3717 et
2032 3666 2319 3717 ornatam.
2388 3657 2434 3688 ⁴⁶
2451 3666 2589 3715 tunc
2639 3654 2800 3713 uadit
2842 3664 2901 3713 et
2946 3653 3198 3713 adsumit
3239 3651 3383 3712 alios
3426 3662 3652 3729 septem

706 3853 786 3905 39.
819 3843 923 3899 qui
965 3842 1319 3898 mondum
1364 3842 1481 3890 ait:
1527 3841 1829 3905 roepondens
1871 3848 2039 3891 autem

640 3918 768 3968 dixit
787 3920 849 3969 J.
910 3918 1092 3968 Graeci
1117 3916 1146 3964 ὂ
1176 3916 1229 3965 δὲ
1260 3915 1527 3979 ἀποκριθεὶς
1559 3914 1703 3966 εἶπεν.
1770 3922 1853 3968 ait
1886 3921 2036 3968 fflia:

644 4001 703 4052 >
719 3996 793 4047 eis
834 3996 908 4045 ait
950 3996 1015 4046 R.
1098 3994 1298 4044 adultra
1335 3995 1395 4055 L,
1442 3994 1691 4045 adulteria
1732 3996 1797 4047 R.
1877 3996 2038 4060 querit

640 4072 869 4123 DLRW.
932 4073 1473 4138 >queritsignumn
1534 4073 1650 4122 ioue
1665 4073 1747 4123 W.
1814 4074 2041 4138 profetae

641 4149 908 4211 DH’ORZ,
930 4150 1173 4216 prophete
1195 4150 1277 4208 W,
1303 4150 1496 4214 profete
1517 4149 1576 4200 L.

703 4243 785 4291 40.
820 4231 936 4277 fuit
978 4229 1054 4277 bis
1085 4228 1232 4292 lapsu
1266 4227 1321 4276 H
1357 4227 1445 4276 sed
1475 4235 1584 4291 exp.
1652 4231 1767 4278 ceti
1802 4228 1971 4278 BCFJ
1976 4227 2034 4276 M

639 4305 819 4355 Twz·
847 4321 962 4370 vgzz
1007 4306 1138 4356 coeti
1171 4305 1222 4354 A
1255 4304 1340 4370 (in
1381 4307 1509 4356 Test.
1546 4306 1653 4357 Uet.
1686 4306 1869 4354 μανίαι
1901 4305 2042 4355 inter

641 4399 747 4434 ooe.
770 4399 874 4434 cae.
894 4391 941 4434 et
960 4382 1055 4448 ce.)
1082 4382 1843 4448 DEffHoKOQWXYZyg,
1861 4384 1895 4432 h
1917 4399 1968 4448 q,
1989 4389 2037 4433 et

640 4462 769 4512 caeti
790 4455 967 4512 IMR.
1028 4464 1246 4511 tribua:
1272 4472 1374 4510 ·111·
1393 4462 1468 4511 bis
1483 4463 1549 4511 D.
1615 4462 1851 4512 nontibus
1874 4461 1931 4509 H
1949 4461 2033 4526 (af

636 4555 821 4605 panem
855 4547 955 4604 pro
986 4554 1163 4604 paoem
1200 4556 1247 4588 x.
1292 4538 1395 4602 34).
1462 4542 1546 4590 ⁸10
1576 4543 1687 4589 erit
1724 4547 1807 4588 etc.
1842 4538 2033 4603 adsta.

639 4634 773 4667 urs.
822 4633 915 4668 om.
935 4618 1099 4679 Diffi(
1115 4632 1154 4670 «ι-
1169 4617 1227 4665 in
1245 4618 1380 4681 mg).
1435 4621 1574 4667 erit:
1597 4616 1731 4668 enim
1748 4616 1841 4665 Rs.
1898 4624 1953 4671 >
1973 4623 2033 4666 tr.

637 4695 769 4745 dieb.
791 4702 922 4745 ettr.
948 4700 1082 4744 noct.
1104 4694 1576 4745 incordetmaeR.
1642 4697 1840 4744 eorde:
1862 4701 2035 4743 uentre

635 4772 695 4822 L.
761 4780 888 4824 tene
910 4773 1036 4822 EW.

700 4864 781 4915 41.
814 4850 1055 4901 niniuitae
1081 4849 1224 4900 ΗΘῦ
1246 4865 1346 4914 vg„
1380 4849 1601 4900 ninuitae
1630 4850 1793 4912 DLR,
1826 4848 2035 4899 niniuite

636 4929 953 4995 E*(niniueoe
973 4928 1209 4991 corr.)W.
1270 4928 1447 4978 iuditio
1465 4928 1548 4977 W.
1603 4934 1664 4979 et
1697 4931 2032 4979 condemna·

634 5006 1048 5072 buntmquead
1076 5010 1445 5065 generatione
1468 5008 1740 5071 intantum
1764 5023 1858 5056 ont.
1883 5006 2038 5070 Fper

636 5084 1059 5146 homoeoteleuton,
1080 5084 1168 5134 sed
1189 5083 1396 5148 aliquid
1421 5083 1595 5132 minus
1621 5083 1799 5134 haberi
1824 5090 2036 5132 notatur

636 5162 807 5226 ἔπινες.
874 5161 1306 5226 condempnabunt
1330 5160 1687 5222 Domon,
1705 5160 2034 5225 condempna-

634 5238 710 5287 bit
744 5240 846 5297 D*,
880 5238 1302 5303 contempnabtmt
1335 5238 1395 5287 L.
1460 5254 1523 5288 ea
1557 5238 1629 5288 H.
1698 5238 1816 5302 quia
1854 5253 2034 5303 paene·

635 5316 840 5366 tentiam
865 5315 981 5381 (sic)
1007 5322 1213 5381 egerunt
1234 5316 1285 5364 in
1308 5315 1645 5382 predicatione
1671 5323 1759 5366 etc.
1783 5331 1939 5381 usque
1966 5315 2039 5365 ad

638 5392 1019 5443 condennabunt
1044 5393 1157 5458 (sic)
1181 5408 1295 5442 eam
1318 5409 1472 5442 uersu
1493 5407 1557 5457 4²
1582 5410 1675 5443 om.
1700 5393 1779 5442 Y*
1802 5394 1888 5443 sed
1911 5407 1947 5445 «fl-
1972 5395 2032 5443 in

638 5486 797 5536 maog.
854 5478 963 5537 sup.
1014 5469 1098 5521 Y1.
1180 5470 1539 5536 poenitentiam
1595 5471 1901 5521 CDOEJLW
1932 5486 2031 5535 vg„

2242 3837 2567 3902 penitentiam
2600 3837 2663 3884 R.
2731 3840 2966 3899 aeger-unt
3007 3834 3064 3882 L.
3134 3833 3471 3898 predicatione
3512 3833 3649 3883 DW.

2242 3915 2355 3965 ione
2378 3914 2462 3974 W,
2486 3914 2632 3963 ionee
2652 3912 2716 3962 O.
2789 3920 2845 3969 >
2869 3911 2954 3961 hic
2986 3926 3138 3976 quam
3169 3910 3286 3960 iona
3314 3910 3363 3959 R
3383 3926 3426 3970 c,
3445 3917 3494 3960 et
3523 3911 3574 3960 h.
3597 3926 3649 3976 q.

2241 3991 2382 4041 ionas
2408 4006 2442 4040 a
2466 3992 2494 4040 b
2515 3991 2581 4045 Ιις
2607 3997 2762 4054 porro
2782 3990 2921 4038 ionas
2944 4003 3022 4052 vg.
3044 3994 3092 4037 et
3112 4003 3237 4037 corr.
3260 3994 3365 4037 nat.
3389 4003 3486 4052 mg.

2304 4083 2385 4135 42.
2419 4073 2618 4127 regina
2648 4070 2860 4117 austri:
2895 4082 3048 4131 regna
3079 4066 3196 4116 iusti
3230 4065 3290 4117 L.
3360 4065 3541 4115 iuditio
3562 4065 3647 4116 W.

2237 4149 2603 4205 generatione
2634 4148 2779 4196 ista:
2815 4143 2957 4195 uitiis
2984 4144 3319 4209 generationis
3348 4143 3492 4193 huius
3518 4144 3645 4194 EW.

2238 4224 2624 4288 condempnabit
2681 4222 2909 4283 EQRW,
2967 4223 3343 4286 contempnabit
3387 4223 3471 4278 D;
3528 4236 3647 4272 eon·

2237 4303 2494 4353 demnauit
2519 4301 2600 4358 0;
2633 4302 3032 4352 condemnabunt
3054 4299 3214 4349 L*Y².
3281 4314 3440 4350 eam:
3474 4314 3561 4349 eoa
3583 4300 3644 4352 E.

2237 4381 2304 4431 ha
2326 4381 2508 4430 finibus
2529 4379 2587 4430 C.
2655 4378 2927 4430 salamonis
2942 4386 3027 4429 etc.
3046 4379 3157 4436 DL,
3180 4377 3458 4427 solomonis
3474 4384 3559 4427 etc.
3578 4377 3643 4426 R.

2235 4463 2295 4508 et
2332 4473 2462 4509 eooe
2498 4472 2554 4515 p.
2592 4473 2645 4515 q.
2686 4472 2763 4506 aa.
2803 4459 2902 4506 hio
2937 4472 3030 4505 om.
3066 4453 3133 4504 Ζ*
3166 4455 3254 4505 sed
3277 4467 3314 4505 4-
3343 4455 3403 4504 z‘n
3434 4469 3530 4519 mg.
3566 4451 3641 4504 Z’.

2242 4537 2570 4601 >hicquam
2594 4534 2953 4585 solomonRa
2976 4533 3258 4599 bcffihq.

2302 4629 2384 4678 43.
2421 4628 2551 4664 oum
2574 4613 2679 4669 H*,
2703 4628 2821 4677 qum
2858 4611 2947 4660 ΗΟ.
3015 4614 3327 4660 inmundus
3354 4609 3510 4675 (imm.
3535 4609 3637 4659 ΒΜ

2233 4707 2312 4756 vg.
2340 4692 2528 4755 Tisclt.)
2554 4694 2791 4748 spiritus
2817 4694 2950 4753 (sup.
2974 4689 3068 4738 lin.
3095 4690 3180 4751 1⁴2¹)
3203 4690 3444 4739 exierit:
3487 4695 3543 4743 >
3561 4687 3640 4738 ihs

2238 4769 2350 4835 (sic)
2384 4769 2649 4818 inmundus
2687 4768 2872 4818 exieret
2909 4767 2988 4827 L;
3038 4774 3096 4823 >
3113 4766 3287 4817 exierit
3324 4764 3526 4830 spiritus
3563 4765 3636 4814 in*-

2231 4848 2446 4897 mundus
2468 4847 2531 4895 R.
2596 4849 2831 4896 exierit:
2867 4844 3115 4894 transierit
3138 4846 3198 4909 Q.
3267 4843 3524 4893 ambulant
3541 4841 3638 4900 0¹⁸¹.

2232 4924 2498 4975 ambulans
2529 4924 2590 4984 L,
2631 4922 2925 4973 ambulabat
2965 4922 3028 4986 Q.
3096 4922 3274 4972 harida
3305 4921 3363 4973 C.
3430 4936 3637 4986 querens

2233 5003 2315 5064 R;
2348 5017 2549 5067 querere
2570 5003 2636 5051 D.
2705 5001 2929 5066 requiam
2949 5001 3058 5050 LR.
3125 5001 3340 5051 inueniet
3371 4999 3480 5050 CT.

2298 5096 2378 5145 44.
2413 5080 2480 5129 ad
2501 5079 2708 5129 domum
2724 5080 2779 5129 J.
2844 5077 3010 5128 hunde
3030 5079 3090 5129 C.
3147 5094 3208 5127 ex
3233 5078 3301 5127 ini
3325 5079 3395 5137 D,
3417 5076 3550 5127 exibi
3567 5077 3633 5139 Ο,

2231 5159 2311 5209 exi
2334 5158 2399 5222 Q,
2428 5156 2527 5206 exii
2549 5158 2620 5206 ff.
2689 5159 2917 5206 inuenit
2952 5157 3083 5220 (sine
3110 5156 3266 5205 addit.
3296 5170 3412 5205 cum
3433 5156 3630 5218 graeco)

2234 5233 2870 5298 ACDZFFHUMOQY,
2888 5240 3006 5283 uett.
3018 5234 3161 5298 plur.
3185 5232 3297 5282 abc
3311 5232 3350 5281 d
3349 5232 3402 5297 f
3396 5231 3469 5297 ffi
3478 5246 3534 5295 gl
3550 5231 3584 5279 k
3600 5247 3636 5296 q¹

2233 5316 2261 5362 δ
2292 5329 2443 5364 aum:
2491 5326 2529 5363 4·
2559 5329 2672 5363 eam
2705 5310 3503 5362 BEtff’wflwKLMRvaxz
3534 5325 3632 5374 vg..

2236 5408 2351 5442 cum
2369 5407 2393 5440 c
2395 5390 2468 5457 ff²
2479 5391 2530 5440 h.
2577 5398 2838 5442 uocantem
2856 5390 2915 5440 L.
2971 5389 3157 5454 scopiis
3174 5390 3232 5438 E.
3288 5388 3550 5438 hornatam
3567 5388 3628 5437 C.

2298 5483 2383 5534 45.
2417 5473 2654 5520 assumit
2718 5484 2832 5519 cum
2897 5461 3634 5530 ADHOKMM'QVWXWZ'

3227 5564 3279 5614 N
