4717 6400
976 679 1534 743 PRAEFATIO.
1628 679 1826 743 CAP.
1877 679 2020 742 III.
2115 678 2553 742 CODICUM
2589 677 3178 740 NOSTRORUM
3215 676 3735 742 ELENCHUS.
3866 677 3944 739 xi

931 853 1071 916 siae
1102 871 1315 916 nouae
1346 851 1798 927 dedicationis,
1826 870 2026 933 quem
2056 849 2352 932 exempli
2381 850 2595 931 gratia
2625 870 2714 913 ex
2745 849 3083 914 codicibus
3116 849 3315 912 medii
3362 846 3510 913 aeui
3557 847 3944 930 delegimus

935 954 1074 1020 Sed
1104 965 1330 1020 textus
1359 953 1642 1019 formam
1670 975 1805 1019 non
1834 955 2007 1018 adeo
2041 954 2473 1037 deprauatam
2505 953 2780 1017 exhibet
2821 962 2887 1017 et
2918 954 3251 1018 interdum
3285 953 3601 1018 lectiones
3633 953 3839 1016 bonas
3878 961 3948 1016 et

931 1058 1294 1141 singulares
1323 1058 1636 1123 ostendit.

939 1196 998 1242 1.
1040 1177 1130 1242 A.
1178 1176 1418 1242 Codex
1449 1176 1817 1241 Bibliorum
1834 1177 2222 1242 Amiatinus
2243 1197 2413 1240 saec.
2437 1176 2577 1241 VII
2600 1186 2888 1240 exeunte
2920 1175 3024 1239 uel
3042 1174 3220 1239 VIII
3243 1176 3510 1239 ineunte
3534 1174 3601 1237 in
3621 1176 3949 1240 coenobio

1109 1279 1629 1345 Wiremuthensi
1659 1281 1766 1344 uel
1800 1280 2123 1358 Giruensi,
2148 1290 2224 1344 ut
2254 1281 2537 1357 uidetur,
2569 1281 2748 1344 iussu
2779 1279 3074 1343 Abbatis
3107 1279 3421 1343 Ceolfridi
3452 1280 3733 1363 scriptus
3765 1289 3832 1343 et
3859 1279 3950 1343 ab

1109 1386 1348 1449 eodem
1392 1394 1622 1449 sancto
1661 1385 1861 1449 Petro
1909 1383 2170 1448 Romae
2214 1384 2481 1448 oblatus
2521 1398 2679 1447 A.D.
2715 1395 2862 1465 715.
2953 1384 3192 1448 Postea
3231 1384 3295 1446 in
3338 1384 3660 1448 coenobio
3702 1384 3950 1448 montis

1108 1488 1427 1552 Amiatae
1480 1488 1888 1563 seruabatur,
1933 1489 2109 1551 unde
2163 1489 2401 1553 missus
2454 1487 2576 1553 fuit
2628 1490 2694 1551 in
2749 1508 2941 1552 usum
2997 1488 3308 1552 editionis
3361 1486 3683 1565 Sixtinae,
3734 1495 3808 1549 ut
3860 1506 3948 1549 ex

1108 1593 1336 1656 codice
1384 1590 1736 1656 Carafiano
1781 1588 1872 1676 (q.
1894 1588 1987 1676 u.)
2030 1600 2327 1675 apparet.
2419 1592 2619 1656 Nunc
2667 1588 3059 1669 Florentiae,
3091 1592 3155 1654 in
3199 1589 3613 1654 Bibliotheca
3653 1590 3950 1654 Lauren-

1110 1695 1311 1761 tiana.
1401 1696 1673 1758 Nouum
1728 1695 2235 1759 Testamentum
2286 1697 2638 1759 ediderunt
2695 1695 2769 1759 C.
2826 1694 3274 1758 Tischendorf
3325 1694 3490 1776 1850
3542 1702 3609 1757 et
3664 1693 3831 1774 1854
3882 1701 3949 1757 et

1109 1798 1180 1862 S.
1214 1799 1284 1862 P.
1317 1798 1658 1882 Tregelles
1702 1794 1795 1883 (in
1842 1798 1928 1861 N.
1966 1798 2048 1862 T.
2090 1797 2373 1884 Graeco)
2415 1799 2579 1880 1857
2625 1808 2750 1863 ete.
2842 1797 3213 1881 Euangelia
3258 1798 3496 1861 iterum
3541 1797 3838 1873 contulit,
3882 1805 3950 1859 et

1111 1902 1410 1967 ordinem
1452 1902 1813 1966 stichorum
1845 1902 1960 1984 qui
1994 1912 2320 1966 uocantur
2349 1899 2575 1987 (quem
2608 1903 2675 1966 in
2706 1902 2831 1966 hac
2862 1902 3152 1966 editione
3194 1896 3560 1985 sequimur)
3588 1901 3951 1983 descripsit,

1112 2015 1179 2069 et
1212 2006 1453 2069 menda
1485 2005 1799 2069 nonnulla
1829 2006 2139 2069 editionis
2170 2006 2798 2070 Tischendorfianae
2829 2006 3118 2070 correxit
3151 2004 3238 2067 H.
3261 2005 3324 2086 J.
3345 2003 3451 2066 W.
3491 2004 3675 2084 1887.
3767 2003 3949 2068 Con·
4021 2050 4028 2061 .

1109 2111 1388 2172 cordant
1419 2111 1711 2173 maxime
1739 2108 1828 2187 A,
1854 2107 1996 2185 14³⁶,
2022 2110 2109 2184 U,
2131 2109 2216 2186 Y,
2240 2119 2308 2173 et
2341 2116 2416 2187 Δ,
2442 2109 2490 2174 S
2525 2112 2589 2172 in
2625 2110 2936 2174 iohanne.
3014 2106 3287 2191 (Confer
3311 2107 3361 2170 I.
3389 2107 3463 2171 B.
3494 2108 3578 2170 de
3612 2108 3810 2171 Rossi
3841 2107 3951 2170 La

1109 2212 1347 2277 Bibbia
1388 2212 1624 2293 offerta
1664 2213 1754 2277 da
1804 2211 2125 2296 Ceoffrido
2176 2213 2430 2278 Abbate
2479 2214 2555 2276 al
2599 2213 2894 2296 Sepolcro
2934 2213 3015 2277 di
3057 2211 3131 2276 S.
3182 2213 3407 2276 Pietro
3452 2212 3714 2275 Romae
3764 2210 3951 2291 1887,

1114 2316 1698 2400 Paaelaeographical
1733 2315 2010 2398 Society
2042 2317 2131 2380 II.
2162 2318 2298 2382 tab.
2335 2316 2438 2397 65,
2470 2314 2603 2401 66.)

941 2437 1001 2485 2.
1050 2420 1124 2483 B.
1175 2420 1414 2484 Codex
1441 2420 1960 2503 Euangeliorum
1979 2421 2374 2504 szgotianus
2391 2421 2551 2484 olim
2574 2421 3051 2496 FiscannensiS,
3078 2419 3254 2484 VIII
3281 2419 3385 2483 uel
3414 2419 3516 2482 IX
3536 2438 3724 2495 saec„
3748 2418 3952 2482 Paris,

1115 2523 1267 2587 Lat.
1310 2523 1428 2588 281
1468 2534 1535 2587 et
1580 2525 1726 2604 298.
1817 2523 2119 2589 Contulit
2167 2523 2448 2588 Bentleii
2494 2526 2709 2609 gratia
2758 2523 2901 2587 Ioh.
2935 2523 3208 2587 Walker
3238 2525 3340 2589 cui
3385 2532 3527 2587 erat
3574 2545 3654 2598 π;
3714 2523 3952 2585 iterum

1117 2626 1313 2691 Matt.
1368 2627 1576 2691 Marc.
1626 2627 1790 2691 Luc.
1843 2626 2124 2692 contulit
2181 2627 2233 2692 Ι.
2289 2627 2359 2693 S.
2412 2626 2619 2710 18833
2702 2627 3068 2691 Iohannem
3120 2629 3341 2694 denuo
3391 2626 3671 2691 contulit
3726 2624 3807 2690 G.
3855 2625 3953 2688 M.

1113 2729 1542 2813 Youngman.
1632 2727 1764 2816 (Cf.
1800 2729 1877 2793 L.
1913 2730 2165 2795 Delisle
2203 2729 2474 2812 Cabinet
2499 2732 2611 2796 des
2641 2731 2869 2796 MSS.
2898 2732 2978 2795 de
3006 2731 3076 2795 la
3108 2729 3549 2813 Bz'bliotlchue
3574 2729 3951 2805 Nationalc,

1115 2834 1284 2898 atlas
1315 2835 1449 2898 tab.
1484 2855 1551 2897 x.
1591 2852 1645 2908 1,
1680 2851 1717 2898 2
1752 2834 1950 2898 Paris.
1998 2833 2216 2922 1881.)

943 2932 1002 3021 3.
1048 2937 1121 3001 C.
1170 2936 1406 3001 Codex
1430 2938 1796 3011 Bibliorum
1823 2937 2148 3016 Canem-is,
2169 2961 2221 3003 s.
2246 2941 2465 3003 forsan
2493 2939 2616 3018 IX,
2637 2940 2701 3003 in
2728 2940 3050 3022 Hispania
3073 2949 3148 3004 ut
3173 2939 3435 3003 uidetur
3454 2937 3950 3022 septentrionali

1117 3040 1220 3104 uel
1255 3042 1735 3105 mediterranea
1766 3063 1806 3104 a
1838 3040 2090 3105 Danila·
2114 3043 2406 3125 quodam
2439 3045 2720 3127 scriptus
2759 3041 2939 3109 (uide
2980 3042 3331 3127 prologum
3373 3044 3458 3108 ad
3503 3037 3954 3126 Ezechielem)

1113 3143 1353 3210 litteris
1399 3144 1834 3229 Uisigothicis
1880 3145 2149 3210 minutis
2193 3156 2261 3212 et
2307 3147 2624 3211 rotundis,
2741 3146 3045 3212 Maxime
3099 3167 3251 3211 cum
3305 3146 3367 3211 T
3421 3146 3782 3212 concordat
3833 3145 3953 3210 sed

1116 3248 1365 3313 formae
1408 3248 1796 3313 Amiatinae
1845 3251 2115 3334 propior
2159 3260 2281 3315 est.
2376 3250 2673 3315 Contulit
2722 3251 2771 3314 I.
2822 3250 2891 3315 S.
2945 3249 3218 3332 1878-9.
3309 3250 3524 3315 Totus
3576 3250 3777 3313 etiam
3832 3270 3953 3313 ex-

1114 3353 1396 3436 scriptus
1434 3361 1537 3417 est
1581 3354 1667 3416 ab
1704 3352 1980 3417 Abbate
2023 3355 2317 3436 quodam
2364 3356 2448 3418 de
2494 3355 2695 3419 Rossi
2743 3375 2970 3419 uersus
3013 3354 3207 3418 huius
3252 3354 3494 3420 saeculi
3540 3352 3953 3438 principium,

1115 3457 1228 3539 qui
1273 3458 1438 3520 liber
1479 3477 1653 3521 nunc
1699 3467 1803 3521 est
1851 3458 2113 3521 Romae
2160 3459 2318 3522 Uat.
2371 3458 2560 3537 8484
2651 3455 2783 3544 (Cf.
2833 3458 3033 3522 Dom.
3081 3458 3488 3523 Bernardum
3537 3456 3820 3521 Gaetani
3866 3457 3955 3519 de

1104 3560 1452 3642 Aragonia
1472 3562 1538 3623 in
1556 3560 1685 3625 cod.
1704 3560 2036 3643 diplomat.
2068 3559 2346 3627 Cauensi
2363 3572 2527 3626 tom.
2554 3563 2591 3625 i.
2619 3562 2904 3645 Neapoli
2936 3562 3119 3646 1873,
3146 3562 3465 3626 Siluestre
3487 3558 3956 3642 Paltogyaphie

1126 3660 1194 3726 U
1189 3663 1526 3727 niverselle
1583 3674 1841 3747 partem
1901 3665 1988 3741 iii,
2048 3665 2128 3728 L.
2194 3665 2458 3748 Ziegler
2506 3666 2573 3729 in
2621 3665 3214 3748 Sitzungsberickte
3268 3666 3389 3729 der
3450 3664 3513 3728 k.
3580 3662 3954 3747 bayrisclzen

1114 3766 1480 3831 Akademie
1504 3767 1624 3832 der
1666 3768 1752 3831 W
1748 3768 2209 3850 issenscltaften
2223 3768 2577 3851 plait-phil.
2607 3769 2816 3833 klasse
2840 3790 2903 3854 p.
2926 3768 3050 3849 655
3076 3791 3219 3853 sqq.
3248 3769 3516 3833 Monaci
3543 3768 3727 3852 1876,
3761 3769 3953 3832 Pertz

986 3951 995 3957 -
1116 3869 1377 3933 Arclzz'v
1388 3871 1525 3951 fic'r
1552 3870 1846 3934 deutsche
1880 3870 2463 3936 Gesclticlttskunde
2486 3894 2547 3936 v.
2568 3869 2745 3956 542.)
2806 3873 2915 3936 De
2939 3872 3415 3956 orthographia
3434 3872 3588 3935 uide
3604 3892 3664 3954 p.
3685 3872 3953 3934 xxxvii.

946 3990 1009 4048 4.
1057 3973 1141 4035 D.
1189 3972 1427 4037 Codex
1470 3974 1651 4039 Noui
1682 3974 2098 4040 Testamenti
2128 3975 2555 4040 Dublinensis
2584 3976 2744 4039 olim
2776 3974 3242 4041 Armachanus
3269 3973 3492 4060 (Book
3523 3975 3598 4039 of
3617 3971 3955 4059 Armaglz)

1116 4097 1168 4140 S.
1198 4077 1377 4141 VIII
1411 4078 1515 4141 uel
1544 4078 1667 4158 IX,
1692 4080 1758 4141 in
1795 4079 1941 4144 coll.
1977 4079 2045 4143 S.
2080 4078 2438 4144 Trinitatis.
2531 4079 2751 4143 Huius
2781 4080 3091 4145 editionis
3122 4080 3334 4161 gratia
3364 4079 3711 4161 exscripsit
3745 4076 3823 4142 G.
3857 4078 3954 4142 M.

1117 4179 1521 4264 Youngman
1546 4182 1734 4266 1883.
1798 4182 1909 4246 Ex
1944 4203 2074 4247 una
2103 4182 2352 4247 familia
2377 4184 2694 4266 originem
2718 4183 2988 4247 trahunt
3008 4183 3074 4246 D
3098 4183 3157 4246 E
3179 4182 3239 4245 L
3261 4182 3322 4266 Q
3348 4183 3431 4246 R.
3483 4179 3612 4269 (Cf.
3629 4179 3962 4246 National

1115 4282 1210 4346 M
1210 4284 1266 4347 S
1271 4284 1328 4347 S
1330 4331 1345 4346 .
1375 4286 1459 4366 of
1475 4285 1755 4350 Ireland
1778 4296 1944 4369 part.
1978 4288 2019 4349 i.
2055 4308 2164 4369 pp.
2198 4287 2523 4362 xiv-xvii,
2542 4288 2725 4351 tabb.
2749 4283 3163 4372 xxv—xxix.)

947 4397 1011 4466 5.
1057 4392 1126 4451 Δ.
1174 4387 1414 4452 Codex
1448 4389 1963 4472 Euangeliorum
1986 4389 2547 4455 DunelmensisA.
2563 4391 2625 4453 ii.
2644 4391 2740 4464 16,
2761 4411 2813 4453 S.
2830 4389 2971 4453 VII
2992 4391 3097 4454 uel
3115 4390 3313 4466 VIII,
3335 4396 3350 4424 ‘
3366 4391 3451 4453 de
3471 4409 3670 4452 manu
3691 4388 3916 4452 Bedae
3935 4385 3953 4411 ⁹

1120 4491 1356 4570 dictuS,
1385 4492 1501 4574 qui
1533 4504 1675 4558 erat
1706 4492 2008 4557 Bentleio
2042 4494 2110 4556 K
2144 4493 2238 4579 (in
2271 4494 2440 4559 libro
2469 4493 2579 4558 Tr.
2615 4493 2782 4558 Coll.
2819 4493 3015 4557 Cant.
3047 4494 3123 4557 B.
3161 4509 3258 4575 17,
3293 4490 3418 4581 14).
3512 4492 3953 4575 Euangelium

1120 4593 1432 4658 Iohannis
1477 4596 1754 4660 contulit
1799 4595 1849 4659 I.
1884 4596 1954 4661 S.
1997 4596 2160 4661 1882
2190 4619 2232 4661 a
2261 4596 2603 4662 Willelmo
2648 4596 2927 4680 Sanday
2961 4597 3241 4661 adiutus.
3330 4596 3411 4659 In
3459 4595 3756 4660 Iohanne
3801 4617 3955 4660 cum

1118 4696 1469 4762 Amiatino
1502 4701 1795 4763 maxime
1825 4701 2218 4765 concordat:
2265 4701 2332 4763 in
2365 4701 2598 4766 ceteris
2630 4722 2764 4767 non
2793 4701 3237 4766 adhibuimus.

950 4799 1011 4860 6.
1058 4799 1136 4863 E.
1188 4800 1427 4866 Codex
1484 4802 1745 4887 Euang.
1794 4824 1955 4867 mus.
1990 4804 2151 4867 Brit.
2180 4803 2650 4886 Egertonensis
2694 4806 2840 4888 609,
2875 4826 2930 4868 s.
2961 4803 3139 4868 VIII
3187 4802 3292 4868 uel
3341 4803 3461 4882 IX,
3509 4812 3650 4868 erat
3680 4804 3955 4867 Maioris

1120 4904 1512 4969 Monasterii
1563 4905 1967 4970 Turonensis
2016 4907 2116 4988 87,
2166 4906 2500 4973 Calmetio
2542 4907 2820 4991 aliisque
2864 4928 3000 4971 mm
3051 4909 3285 4972 dictus.
3378 4907 3624 4971 Denuo
3676 4907 3955 4971 contulit

1122 5006 1204 5070 G.
1253 5007 1347 5070 M.
1393 5008 1798 5092 Youngman
1847 5009 2035 5088 1884
2124 5006 2257 5092 (Cf.
2310 5005 2658 5092 catalogue
2702 5014 2787 5097 of
2822 5010 3112 5075 Ancient
3149 5010 3380 5074 MSS.
3425 5010 3499 5075 in
3545 5009 3651 5075 tlte
3690 5007 3956 5074 Britislz

1121 5110 1447 5189 Muscam,
1476 5113 1687 5176 Latin
1735 5134 1798 5196 p.
1830 5132 1933 5198 30,
1967 5114 2182 5179 Lond.
2221 5112 2434 5201 1884.)

952 5224 1013 5294 7.
1059 5212 1154 5277 ΞΡ.
1202 5214 1441 5279 Codex
1480 5215 1996 5299 Euangeliorum
2029 5217 2133 5280 IX
2165 5228 2238 5282 ut
2277 5219 2540 5282 uidetur
2577 5217 2842 5296 saeculi,
2880 5216 3040 5281 olim
3070 5218 3575 5299 Epternacensis
3614 5215 3955 5281 Ecclesiae

1126 5316 1192 5382 S.
1223 5317 1652 5398 Willibrordi,
1684 5341 1858 5385 nunc
1890 5320 2272 5385 Parisiensis
2293 5320 2445 5386 Lat.
2472 5321 2682 5405 93893
2725 5322 2813 5385 ad
2845 5321 3047 5384 finem
3072 5322 3217 5385 libri
3242 5321 3524 5385 habetur
3552 5321 3954 5403 subscriptio

1123 5420 1601 5488 Proemendaui
1626 5433 1705 5487 ut
1712 5425 1909 5506 potui
1929 5423 2276 5490 secundum
2305 5425 2580 5490 codicem
2607 5426 2688 5490 de
2717 5424 3085 5490 bibliotheca
3112 5425 3328 5509 eugipi
3345 5424 3743 5508 praespiteri
3766 5443 3954 5506 quem

2286 5564 2291 5570 -
2383 5530 2428 5592 b
2465 5547 2499 5592 2
3885 5543 3888 5546 ·
