4717 6400
883 665 1009 747 508
1509 670 1683 728 EUA
1695 671 2149 733 NGELJUM
2187 670 2717 734 SECUNDUM
2751 671 2975 731 JOHA
2985 671 3287 732 NNEM.

972 839 1075 901 cui
1107 859 1349 902 nomen
1382 849 1522 903 erat
1556 839 1874 904 iohannes

839 939 991 1004 ⁷hic
1024 941 1206 1005 uenit
1238 943 1301 1005 in
1334 944 1786 1008 testimonium

887 1055 960 1107 ut
989 1046 1445 1110 testimonium
1478 1047 1853 1129 perhiberet
1883 1048 1968 1113 de
2000 1048 2244 1112 lumine

888 1156 961 1211 ut
992 1168 1223 1212 omnes
1255 1152 1596 1215 crederent
1628 1171 1748 1233 per
1777 1151 1960 1216 illum

842 1258 868 1296 ⁸
890 1272 1021 1315 non
1053 1262 1194 1316 erat
1226 1253 1335 1317 ille
1368 1253 1487 1318 lux

887 1358 1006 1419 sed
1080 1367 1153 1421 ut
1231 1359 1681 1422 testimonium
1762 1359 2133 1443 perhiberet
2208 1361 2293 1424 de

974 1460 1239 1524 lumine.

840 1564 865 1602 ⁹
887 1561 950 1612 (³·
976 1562 1021 1612 ³)
1056 1565 1220 1630 Erat
1251 1566 1372 1630 lux
1402 1588 1560 1631 uera
1658 1588 1827 1649 quae
1858 1567 2208 1631 inluminat

974 1689 1242 1734 omnem
1274 1671 1612 1735 hominem

975 1772 1345 1838 uenientem
1381 1774 1444 1837 in
1479 1775 1798 1838 mundum

812 1877 869 1919 ¹⁰
889 1875 956 1939 in
988 1879 1238 1941 mundo
1268 1890 1410 1943 erat
1441 1888 1508 1943 et
1539 1879 1825 1942 mundus

974 2001 1093 2063 per
1123 1981 1339 2063 ipsum
1371 1982 1584 2046 factus
1614 1993 1715 2046 est

888 2092 955 2147 et
988 2085 1275 2148 mundus
1305 2106 1455 2149 eum
1491 2107 1621 2150 non
1652 2087 1983 2168 cognouit.

816 2186 867 2226 ¹¹
888 2183 951 2237 (4·
977 2182 1050 2237 ¹⁰)
1087 2189 1161 2251 In
1194 2191 1461 2273 propria
1492 2191 1671 2254 uenit
1700 2199 1768 2254 et
1799 2190 1897 2254 sui
1930 2211 2083 2254 eum

3643 664 3711 757 [1.
3732 683 3893 747 6-15.

2574 861 2706 905 non
2741 851 3126 924 receperunt

2415 949 2465 988 ¹2
2483 955 2816 1029 quotquot
2844 956 3069 1009 autem
3099 955 3487 1027 receperunt
3523 965 3675 1011 eum
3708 946 3894 1011 dedit

2572 1049 2666 1113 eis
2697 1058 3103 1130 potestatem
3135 1048 3305 1113 filios
3334 1050 3444 1114 dei
3475 1048 3614 1113 fieri

2485 1152 2587 1214 his
2619 1152 2732 1235 qui
2767 1155 3044 1217 credunt
3078 1154 3144 1216 in
3178 1153 3440 1218 nomine
3470 1153 3611 1217 eius

2417 1255 2468 1295 ¹³
2484 1255 2596 1338 qui
2628 1275 2760 1319 non
2791 1277 2881 1320 ex
2910 1256 3340 1339 sanguinibus

2571 1378 2786 1442 neque
2817 1381 2907 1424 ex
2939 1359 3282 1425 uoluntate
3313 1361 3530 1425 carnis

2487 1483 2700 1546 neque
2734 1483 2821 1527 ex
2855 1464 3198 1528 uoluntate
3228 1464 3350 1527 uiri

2576 1568 2694 1631 sed
2725 1589 2815 1632 ex
2846 1569 2973 1632 deo
3004 1569 3141 1631 nati
3175 1578 3349 1633 sunt.

2418 1666 2618 1719 14(5·3)
2652 1669 2744 1735 Et
2774 1671 3052 1734 uerbum
3084 1692 3236 1737 caro
3276 1671 3522 1737 facturn
3555 1681 3656 1736 est

2577 1785 2643 1839 et
2675 1774 3000 1839 habitauit
3034 1776 3098 1839 in
3131 1776 3321 1841 nobis

2488 1889 2555 1942 et
2587 1878 2871 1943 uidimus
2899 1879 3179 1962 gloriam
3211 1882 3348 1945 eius

2489 1982 2773 2066 gloriam
2807 1984 2993 2064 quasi
3028 1984 3350 2066 unigeniti

2578 2107 2618 2149 a
2649 2097 2837 2168 patre
2868 2086 3133 2169 plenum
3167 2089 3421 2169 gratiae
3451 2098 3518 2152 et
3549 2087 3869 2152 ueritatis.

2417 2187 2558 2239 1⁶(⁶·
2580 2186 2625 2239 1)
2659 2189 2986 2253 Iohannes
3016 2191 3474 2255 testimonium

886 2376 910 2409 ⁷
932 2375 1024 2435 hic
1054 2378 1213 2436 uenit
1239 2378 1300 2436 in
1339 2380 1748 2438 testimonium.
1821 2390 1885 2438 ut
1924 2380 2319 2440 testimonium
2357 2378 2687 2456 perhiberet
2723 2377 2798 2437 de
2827 2379 3061 2437 lumine.
3131 2389 3197 2436 ut
3224 2396 3432 2437 omnes
3466 2377 3770 2438 crederent
3794 2395 3900 2454 per

888 2470 1068 2530 illum.
1136 2471 1159 2503 ⁸
1181 2489 1304 2530 non
1344 2483 1466 2532 erat
1503 2472 1595 2532 ille
1633 2473 1749 2532 lux.
1822 2473 1925 2533 sed
1963 2485 2025 2533 ut
2064 2473 2462 2533 testimonium
2499 2471 2822 2550 perbiberet
2862 2472 2937 2531 de
2973 2472 3207 2530 lumine.
3276 2473 3298 2505 ⁹
3319 2481 3441 2531 erat
3469 2482 3664 2531 autem
3704 2471 3900 2530 lumen

888 2581 1111 2623 uerum.
1153 2565 1313 2642 quod
1353 2567 1660 2625 inluminat
1697 2586 1938 2628 omnem
1975 2569 2273 2628 hominem
2311 2568 2644 2626 uenientem
2682 2568 2744 2625 in
2781 2566 2939 2625 hunc
2981 2566 3285 2624 mundum.
3357 2566 3401 2598 ¹⁰
3422 2566 3483 2624 in
3522 2565 3637 2626 hoc
3675 2566 3901 2625 mundo

888 2668 1026 2718 erat.
1094 2668 1152 2717 et
1179 2660 1433 2719 mundus
1470 2678 1575 2738 per
1604 2661 1794 2738 ipsum
1823 2662 2012 2721 sactus
2040 2673 2144 2720 est.
2217 2673 2276 2720 et
2312 2659 2569 2720 mundus
2605 2677 2742 2719 eum
2779 2678 2901 2719 non
2940 2661 3240 2736 cognouit.
3312 2657 3351 2690 ¹¹
3374 2660 3434 2718 in
3462 2660 3697 2737 propria
3724 2661 3900 2719 uenit.

889 2763 947 2811 et
990 2753 1078 2812 sui
1122 2771 1257 2812 eum
1299 2773 1421 2813 non
1465 2767 1824 2831 receperunt.
1908 2753 1950 2789 ¹¹
1972 2756 2294 2833 quodquod
2338 2765 2532 2813 autem
2582 2763 2929 2831 receperunt
2970 2773 3121 2813 eum.
3206 2754 3363 2813 dedit
3406 2755 3489 2813 eis
3532 2764 3898 2831 potestatem.

888 2846 1039 2905 filios
1077 2846 1172 2905 dei
1210 2846 1350 2905 fieri.
1419 2847 1509 2907 his
1537 2849 1636 2925 qui
1673 2849 1915 2908 eredunt
1954 2849 2018 2908 in
2057 2850 2295 2908 nomine
2335 2850 2460 2907 eius
2488 2849 2530 2882 ¹³
2552 2850 2651 2926 qui
2691 2867 2812 2908 non
2848 2866 2921 2906 ex
2966 2849 3362 2924 sanguinibus.
3444 2865 3636 2926 neque
3678 2866 3751 2907 ex
3791 2866 3901 2907 uo-

891 2941 1111 2999 luntate
1134 2941 1340 3000 carnis.
1403 2960 1592 3019 neque
1614 2960 1687 3000 ex
1711 2942 2007 3001 uoluntate
2037 2943 2159 3001 uiri.
2231 2942 2334 3002 sed
2364 2962 2436 3001 ex
2467 2942 2580 3002 deo
2600 2943 2719 3000 nati
2748 2954 2896 3000 sunt.
2966 2940 3008 2974 ¹⁴
3030 2954 3090 3001 et
3114 2944 3359 3001 uerbum
3388 2960 3527 3001 caro
3552 2942 3766 3001 factum
3797 2953 3901 3001 est.

889 3045 949 3093 et
990 3034 1270 3094 habitauit
1310 3036 1370 3093 in
1412 3036 1600 3095 nobis,
1670 3047 1728 3096 et
1767 3036 2026 3096 uidimus
2065 3037 2312 3114 gloriam
2354 3037 2499 3096 eius,
2568 3035 2813 3112 gloriam
2856 3036 3022 3113 quasi
3060 3037 3337 3113 unigeniti
3381 3055 3417 3094 a
3457 3045 3618 3113 patre
3659 3036 3901 3114 plenum

889 3128 1075 3206 gratia
1102 3139 1157 3187 et
1188 3129 1441 3188 ueritate.
1512 3130 1556 3162 ¹⁸
1576 3129 1876 3190 iohannes.
1945 3131 2345 3191 testimonium
2373 3129 2640 3208 perbibet
2669 3129 2741 3188 de
2771 3131 2918 3207 ipso.
2980 3140 3038 3187 et
3066 3130 3278 3189 clamat
3307 3130 3524 3190 dicens,
3588 3130 3681 3190 hic
3712 3142 3801 3190 est
3828 3131 3903 3190 de

881 3311 1043 3375 plur„
1076 3306 1139 3370 ἦν
1175 3307 1246 3358 ὄν.
1284 3311 1415 3374 αὐτῷ
1460 3311 1634 3374 N*D*‚
1665 3307 1703 3377 ᾧ
1736 3313 1808 3362 ὅν.
1844 3314 1977 3376 αὐτῷ
2017 3328 2132 3379 433,
2166 3314 2293 3363 ὅσθ’.

891 3388 1119 3437 iohannis
1142 3387 1431 3449 DE3P10R,
1455 3390 1658 3439 ioannes
1681 3389 1789 3446 ἔρι’,
1809 3397 1856 3441 et
1875 3398 2078 3456 semper.

961 3475 1006 3529 7.
1041 3465 1282 3529 periberet
1307 3467 1439 3516 CTZ
1460 3475 1508 3517 et
1527 3485 1581 3517 u.
1605 3470 1651 3517 8.
1717 3472 1932 3520 lumine
1967 3468 2081 3534 (τοῦ
2112 3468 2291 3532 φωτός)

890 3557 1069 3592 omnes.
1121 3549 1189 3593 ut.
1210 3560 1294 3593 sec.
1314 3561 1326 3595 ε
1363 3552 1412 3595 et
1434 3545 1503 3594 H.
1552 3552 1617 3596 ut
1641 3562 1835 3597 omnes
1855 3585 1867 3597 .
1892 3584 1904 3597 .
1925 3585 1937 3596 .
1953 3551 2170 3598 lumine
2191 3563 2245 3599 u.
2265 3549 2294 3596 8

890 3637 986 3672 om.
1022 3620 1086 3671 R.
1143 3623 1343 3672 credant
1375 3639 1409 3672 a
1444 3621 1792 3681 (πιστεύσωσιν
1816 3626 1978 3690 plur„
2019 3641 2213 3675 -σσυσιν
2245 3627 2297 3676 D

899 3700 1077 3763 1500').
1144 3702 1310 3749 illum
1334 3720 1347 3751 z
1380 3716 1493 3751 eum
1514 3703 1543 3751 b
1564 3719 1603 3752 e.

961 3778 1006 3826 8.
1038 3792 1157 3828 non
1173 3791 1208 3827 4
1223 3778 1356 3828 enim
1403 3781 1454 3829 D
1492 3788 1598 3845 gat.
1666 3784 1794 3831 ille:
1846 3781 1956 3846 ipse
1991 3789 2098 3846 gut.
2164 3786 2295 3831 lux:

893 3855 1062 3904 lumen
1085 3871 1117 3904 a
1140 3855 1169 3903 b
1188 3871 1216 3903 e
1236 3872 1268 3921 q
1289 3859 1458 3921 Aug.;
1493 3872 1527 3907 4
1544 3874 1659 3908 uera
1695 3860 1760 3909 D.
1833 3865 1942 3909 test.
1967 3859 2192 3923 perheret
2225 3860 2300 3920 Ἐς

895 3941 1006 3983 test.
1040 3934 1261 3983 redderet
1292 3951 1335 3990 e,
1374 3942 1484 3987 test.
1521 3937 1705 3987 diceret
1739 3953 1785 4002 q.
1851 3941 2069 3988 lumine
2100 3952 2265 3987 omnes
2281 3952 2298 3986 :

911 4024 949 4060 4
962 4017 1020 4060 ut
1041 4027 1211 4061 omnes
1233 4012 1478 4063 crederent
1504 4030 1592 4079 per
1613 4014 1734 4064 ilum
1761 4014 1827 4065 G.

961 4104 1011 4155 9.
1046 4096 1167 4139 erat
1193 4088 1295 4152 (ἦν)
1316 4108 1328 4141 :
1364 4098 1437 4141 est
1460 4107 1488 4139 e
1502 4107 1515 4150 ς
1530 4105 1566 4141 4
1580 4094 1713 4142 enim
1736 4093 1850 4141 ENr
1870 4094 1899 4142 b
1919 4108 2034 4142 aur.
2050 4109 2065 4154 ;
2081 4107 2117 4143 4
2132 4100 2301 4143 autem

898 4168 950 4217 D
957 4167 1010 4231 f.
1055 4171 1187 4218 lux:
1212 4168 1379 4219 lumen
1396 4187 1429 4219 a
1444 4187 1470 4219 e
1469 4169 1521 4233 f
1524 4187 1572 4236 q,
1590 4171 1677 4219 lux
1694 4171 1777 4220 uel
1792 4171 1957 4220 lumen
1975 4173 2017 4223 δ.
2065 4188 2162 4237 que
2180 4173 2299 4222 DG.

896 4244 1128 4295 iluminat
1161 4245 1255 4307 0²⁸³,
1291 4247 1540 4297 illuminat
1572 4247 1722 4298 0⁰¹W
1752 4265 1829 4312 vg.
1853 4266 1865 4306 ;
1899 4248 2228 4300 inluminabat
2256 4249 2298 4298 b.

897 4326 1225 4373 uenientem
1246 4340 1426 4376 omnes.
1484 4330 1760 4376 mundum
1787 4325 1895 4390 (τὸν
1918 4326 2125 4391 κόσμον)
2149 4328 2300 4377 ABOE

900 4399 1549 4465 FGJKMO*QSUVXYZ
1588 4406 1614 4451 δ
1652 4406 1849 4454 BentL:
1888 4404 2020 4454 hunc
2063 4406 2298 4455 mundum

898 4478 1524 4529 CDEffHOM'OdRTW
1559 4497 1636 4546 vg.
1671 4497 1705 4530 a
1726 4482 1755 4531 b
1774 4498 1800 4530 c
1825 4496 1852 4530 e
1884 4481 2004 4544 (hoc
2035 4483 2246 4544 mundo)
2263 4483 2316 4547 f

884 4557 957 4624 βξ
977 4573 1010 4622 q
1029 4573 1145 4607 aur.
1183 4558 1235 4607 Τ
1225 4564 1317 4607 ert.
1354 4560 1502 4623 Cypr.
1526 4559 1641 4609 Hit.
1667 4563 1800 4624 Aug.
1823 4565 1916 4609 etc.¹
1975 4562 2043 4610 In
2077 4562 2303 4610 Iohanne

899 4634 1303 4697 Hieronymiano
1324 4634 1503 4695 κόσμος
1517 4644 1707 4701 semper
1718 4646 1790 4685 est
1804 4636 2045 4698 mundus;
2079 4640 2139 4688 in
2156 4639 2302 4704 Afri·

898 4713 1040 4762 canis
1060 4713 1225 4762 uem-io
1245 4713 1487 4763 usitatior
1503 4721 1576 4764 est
1594 4714 1857 4765 saeculum.

972 4803 1048 4840 ιο.
1083 4795 1325 4840 mundo:
1360 4792 1490 4841 codd.
1499 4792 1642 4856 plur.
1664 4792 1874 4854 (mondo
1894 4793 1959 4853 G,
1981 4795 2220 4843 mundum
2234 4794 2303 4856 T)

898 4883 976 4932 vg.
1000 4883 1024 4917 c
1046 4868 1240 4919 boun:
1276 4869 1372 4919 hoc
1405 4869 1593 4920 mundo
1624 4870 1812 4919 DEFR
1840 4870 2091 4936 abefffi
2113 4889 2144 4936 q
2168 4874 2301 4936 Aug.

890 4952 1006 5011 post
1020 4961 1123 5004 per
1137 4962 1238 4997 ras.
1260 4961 1286 4995 2
1302 4947 1402 4998 litt.
1422 4948 1487 4998 A.
1535 4952 1746 5007 ipsum:
1768 4965 1883 4998 enm
1900 4950 1945 4998 E
1960 4950 1988 4998 b
2004 4966 2036 5014 q
2053 4952 2093 4998 δ.
2142 4965 2271 4999 eum
2290 4966 2302 4999 ε

899 5038 994 5073 om.
1018 5023 1093 5072 R*
1117 5026 1138 5086 <
1157 5039 1191 5074 4
1207 5041 1300 5075 cor.
1326 5027 1477 5087 sax.).
2277 5047 2286 5061 ·

973 5115 1049 5151 11.
1083 5106 1146 5152 in
1164 5106 1398 5161 propria
1428 5104 1515 5166 (eis
1544 5103 1609 5152 τὰ
1638 5104 1759 5166 ἴδια)
1789 5105 1919 5154 codd.
1938 5107 2081 5170 plur.
2117 5121 2194 5168 vg.
2219 5122 2244 5154 c
2248 5105 2302 5169 f,

903 5180 1082 5229 uideet
1101 5181 1187 5230 vii.
1211 5184 1287 5240 18,
1307 5182 1410 5232 viii.
1428 5198 1511 5246 44,
1529 5199 1577 5233 x.
1597 5198 1645 5246 3.
1661 5199 1710 5246 4,
1734 5184 1829 5233 xvi.
1848 5196 1936 5245 32:
1973 5185 2022 5233 in
2038 5199 2127 5233 sua
2145 5198 2177 5231 a
2194 5200 2226 5247 q
2241 5182 2305 5246 ef.

902 5258 1002 5308 xix.
1033 5268 1117 5322 ης
1152 5260 1202 5309 in
1221 5275 1310 5309 sun
1326 5263 1529 5325 propria
1550 5261 1646 5309 DE
1656 5267 1764 5324 gat.
1783 5261 1812 5309 b
1826 5260 1926 5327 effi
1948 5262 2095 5326 Cypr.
2118 5263 2244 5311 Test.
2267 5274 2302 5312 1.

904 5350 948 5398 3,
964 5336 1023 5384 de
1042 5336 1168 5387 dom.
1181 5344 1310 5387 orat.
1325 5353 1371 5401 9,
1385 5340 1521 5402 Aug.
1539 5338 1596 5387 in
1614 5340 1723 5388 Iole.
1747 5354 1792 5400 2,
1813 5339 1863 5387 in
1886 5354 1977 5388 sua
1999 5338 2081 5389 uel
2104 5341 2305 5404 propria

901 5415 944 5462 δ.
999 5417 1091 5464 sui
1110 5415 1177 5478 (ol
1194 5415 1327 5470 ἴδιοι)
1345 5430 1526 5465 omnes.
1572 5417 1847 5479 reciperunt
1867 5417 2070 5466 DEffR
2086 5424 2135 5466 et
2151 5433 2201 5467 u.
2227 5429 2245 5464 1
2259 5431 2300 5464 2.

2572 3325 2648 3360 12.
2681 3311 2952 3377 quodquod
2998 3310 3204 3370 CGO*;
3250 3312 3338 3376 qui
3377 3327 3425 3376 q.
3505 3327 3599 3361 om.
3645 3319 3835 3362 autem
3877 3327 3906 3359 e

2505 3390 2654 3454 Cypr.
2678 3397 2725 3440 et
2739 3405 2821 3453 gr.
2848 3389 2913 3439 D.
2966 3394 3049 3440 eis
3069 3407 3079 3441 ε
3118 3389 3221 3439 illis
3238 3389 3371 3438 ASY
3389 3404 3421 3438 a
3441 3405 3469 3437 e
3489 3405 3522 3454 q
3549 3390 3696 3454 Cypr.
3752 3392 3904 3439 filios

2500 3472 2596 3517 dei
2617 3468 2692 3517 bis
2712 3484 2803 3518 scr.
2830 3468 2888 3518 R.
2958 3476 3013 3516 ut
3040 3467 3130 3516 filii
3148 3468 3229 3516 dei
3253 3466 3420 3516 fierent
3441 3483 3469 3515 e
3494 3470 3535 3517 C
3523 3476 3640 3532 ypr.
3708 3467 3788 3517 his
3818 3468 3904 3534 qui

2500 3547 2808 3598 credentibus
2832 3547 2904 3606 E;
2938 3546 3250 3596 credentibus
3272 3546 3301 3594 b
3323 3547 3365 3594 ὃ.

2572 3637 2646 3685 13.
2681 3639 2774 3672 om.
2798 3625 2898 3680 qui
2918 3638 2967 3672 a.
3033 3640 3095 3673 ex
3128 3623 3427 3687 anguinibus
3460 3623 3543 3678 H;
3576 3639 3639 3672 ex
3667 3624 3905 3689 sanguine

2501 3701 2530 3750 b
2542 3718 2574 3766 q
2596 3702 2647 3750 T
2637 3707 2748 3762 ert„
2765 3701 2900 3761 Hil„
2918 3704 3051 3765 Aug.
3098 3701 3375 3751 nolumtate
3390 3701 3465 3750 bis
3482 3700 3578 3762 T*,
3594 3701 3906 3766 uolumptate

2501 3778 2576 3827 hir
2593 3779 2654 3839 E,
2671 3778 2930 3842 uoluptate
2945 3780 3021 3827 bis
3037 3777 3220 3839 CT⁹⁰⁰⁰‚
3231 3778 3406 3843 graeci
3417 3785 3608 3842 semper
3620 3778 3904 3839 θελήματος.

2501 3872 2573 3905 ex
2593 3860 2709 3906 nol.
2732 3859 2921 3906 earnis
2943 3871 3127 3914 neque
3143 3872 3238 3906 om.
3259 3857 3316 3907 F.
3368 3860 3554 3906 earnis
3573 3892 3586 3904 .
3604 3894 3617 3906 .
3637 3893 3650 3907 .
3668 3861 3784 3906 uiri
3805 3857 3905 3906 litt.

2503 3934 2630 3983 min.
2652 3950 2742 3982 scr.
2769 3936 2833 3984 X.
2888 3938 3011 3984 nati
3033 3939 3195 3983 sunt:
3231 3941 3375 3983 natus
3397 3941 3471 3982 est
3494 3934 3523 3982 b
3549 3934 3599 3983 T
3589 3925 3681 3985 eit.
3711 3934 3909 3996 (diserte

2504 4011 2609 4060 uid.
2635 4010 2803 4060 Sabat.
2828 4011 2902 4059 ad
2926 4010 3062 4074 loc.),
3094 4013 3232 4061 Iren.
3255 4017 3335 4060 ter
3360 4015 3513 4075 (‘non
3544 4012 3679 4061 enirn
3711 4026 3771 4063 ex
3803 4012 3906 4061 nol.

2503 4088 2664 4138 carnis
2694 4104 2853 4153 neque
2885 4105 2945 4138 ex
2979 4089 3079 4139 nol.
3112 4089 3208 4138 uiri
3241 4089 3329 4138 sed
3361 4106 3423 4139 ex
3454 4089 3555 4139 nol.
3581 4089 3679 4149 dei,
3704 4091 3907 4140 uerbum

2502 4181 2620 4215 earo
2642 4165 2828 4216 sactum
2852 4174 2927 4217 est
2942 4165 2954 4187 '
2975 4168 3133 4216 Mass.
3148 4174 3204 4231 p.
3233 4180 3342 4230 205,
3368 4171 3382 4194 ‘
3399 4182 3498 4217 non
3529 4183 3592 4217 ex
3620 4168 3723 4217 uol.
3747 4167 3910 4218 earnis

2502 4260 2660 4309 neque
2682 4259 2744 4293 ex
2765 4244 2865 4294 nol.
2890 4245 2985 4293 uiri
3006 4255 3152 4295 natus
3184 4252 3258 4295 est
3286 4246 3420 4295 filius
3453 4246 3670 4297 hominis
3685 4245 3698 4268 ’
3712 4256 3767 4312 p.
3797 4261 3908 4308 212,

2503 4325 2519 4349 ⁸
2534 4337 2635 4371 non
2652 4339 2713 4373 ex
2728 4322 2831 4372 uol.
2850 4323 2942 4372 uiri
2958 4330 3064 4372 erat
3080 4323 3167 4388 qui
3183 4327 3476 4373 nascebatur
3488 4321 3567 4388 'p.
3590 4338 3644 4373 21
3657 4327 3708 4387 7)
3721 4341 3735 4379 ς
3747 4325 3910 4389 plura

2504 4401 2690 4449 uidesis
2726 4401 2868 4464 apud
2902 4400 3069 4451 Sabat.
3110 4401 3171 4465 (f.
3202 4402 3445 4463 Westcott,
3484 4404 3670 4453 Comm.
3706 4403 3766 4452 in
3799 4403 3848 4451 h.
3873 4401 3911 4452 l.

2500 4485 2552 4543 p.
2580 4491 2656 4541 32.

2578 4570 2651 4620 14.
2686 4558 2891 4607 uerbum
2914 4558 2995 4606 uel
3019 4574 3183 4609 sermo
3207 4560 3249 4607 δ.
3311 4559 3446 4609 facta
3467 4560 3497 4609 b
3517 4576 3557 4610 e.
3626 4566 3687 4610 et
3705 4576 3790 4610 sec.
3814 4575 3909 4610 om.

2506 4635 2601 4700 2²⁸(
2615 4648 2653 4688 4-
2668 4635 2766 4696 Z2).
2830 4635 3045 4685 abitauit
3068 4635 3128 4697 C,
3150 4635 3399 4687 habitabit
3430 4638 3609 4701 EH(ta
3634 4647 3744 4703 sup.
3768 4638 3910 4701 lim),

2506 4713 2717 4764 abitabit
2741 4714 2819 4772 T;
2853 4713 3155 4764 inhabitauit
3186 4714 3402 4776 Ζήτην.
3427 4715 3509 4778 2²)
3533 4732 3567 4766 a
3590 4718 3727 4767 [ren.
3748 4717 3909 4765 semel.

2506 4795 2744 4850 gloriam
2755 4798 2868 4856 pn:
2894 4792 3134 4842 honorem
3155 4794 3212 4852 ὸς
3246 4808 3332 4843 sec.
3351 4809 3443 4842 om.
3469 4794 3530 4843 R.
3587 4785 3710 4844 eius
3728 4811 3759 4843 4
3775 4804 3825 4843 et
3849 4794 3905 4843 E.

2507 4871 2671 4935 quassi
2702 4871 2763 4919 R.
2828 4870 3107 4935 hunigeniti
3136 4872 3197 4932 C,
3221 4871 3455 4936 unigen¹ti
3480 4872 3559 4932 Y;
3592 4872 3727 4922 unici
3748 4888 3779 4920 a
3803 4888 3830 4919 e
3848 4888 3911 4937 q;

2521 4947 2664 4997 4filii
2686 4964 2733 4997 a.
2801 4962 2837 4997 a
2855 4955 3047 5005 patre:
3082 4950 3236 5013 patris
3255 4965 3296 4998 e.
3363 4954 3596 5007 plenum
3616 4951 3748 5000 codd.
3767 4950 3911 5014 plur.

2505 5040 2583 5089 vg.
2616 5032 2734 5075 uett.
2765 5026 2934 5090 plan:
2972 5026 3149 5091 plenus
3181 5041 3214 5075 a
3242 5043 3299 5087 e;
3333 5027 3470 5092 pleni
3503 5028 3716 5077 Dz-P-oR
3738 5029 3765 5075 δ
3789 5040 3911 5082 (non

2511 5109 2650 5168 ΔΨ);
2675 5105 2851 5168 graeci
2864 5105 3049 5168 πλήρης
3056 5107 3219 5169 plur„
3240 5104 3401 5167 πλήρη
3417 5107 3467 5155 D
3484 5120 3512 5170 5
3532 5122 3545 5165 ;
3579 5104 3790 5168 πλήρους
3812 5121 3913 5155 non

2507 5182 2731 5232 habetur.
2798 5185 2962 5247 gratia
2996 5192 3045 5234 et
3086 5184 3291 5234 ueritate
3324 5184 3594 5247 BG(-tem)
3618 5199 3652 5232 a
3672 5185 3700 5233 b
3721 5201 3747 5233 c
3766 5201 3792 5234 e
3812 5184 3915 5249 ffl,

2509 5261 2537 5306 δ
2556 5275 2671 5310 aur.
2698 5262 2833 5310 Iren.
2861 5263 2994 5326 Aug.

2581 5352 2597 5386 ι
2611 5353 2655 5401 5.
2693 5338 2922 5389 iohannis
2947 5339 3237 5391 DEff10R.
3306 5340 3486 5390 testim.
3509 5340 3631 5391 dicit
3660 5357 3686 5390 e
3706 5357 3753 5405 q,
3778 5340 3914 5390 testi-

2511 5416 2685 5467 ficatur
2714 5433 2747 5466 α
2770 5418 2813 5474 b,
2837 5424 3048 5468 testatur
3068 5420 3112 5468 δ.
3181 5418 3371 5483 peribet
3394 5417 3560 5469 CTz¹.
3628 5418 3696 5467 ab
3728 5419 3841 5483 ipso
3870 5419 3915 5467 E
