4717 6400
779 686 906 768 506

1104 854 1311 905 AHVY
1324 854 1479 903 Harl.
1507 868 1531 902 2
1541 866 1650 919 797.

861 946 1088 1007 festatio
1121 947 1442 1007 declaratur
1469 965 1587 1024 qua
1611 947 1789 1005 maria
1811 965 1977 1023 mag-

858 1041 1064 1101 dalene
1119 1053 1286 1118 petro
1342 1051 1402 1099 et
1458 1040 1696 1099 iohanni
1751 1040 1977 1098 nuntiat

859 1136 1155 1195 sublatum
1205 1152 1416 1212 corpus
1464 1135 1537 1192 de
1592 1144 1978 1193 monumento

858 1230 1067 1308 quibus
1124 1229 1560 1288 occurrentibus
1617 1247 1687 1288 ac
1735 1228 1978 1288 reuersis

858 1324 986 1402 ipsa
1024 1334 1162 1401 post
1202 1322 1526 1400 angelicam
1569 1323 1855 1383 uisionem
1893 1322 1978 1381 ui-

859 1435 989 1477 sum
1019 1437 1054 1477 a
1083 1436 1145 1477 se
1176 1417 1482 1475 dominum
1504 1417 1821 1477 aestimans
1848 1416 1980 1475 hor·

857 1512 1120 1572 tulanum
1149 1531 1268 1589 quo
1303 1529 1443 1571 mox
1477 1510 1715 1587 cognito
1754 1511 1980 1570 iubetur

860 1607 1155 1683 discipulis
1183 1607 1466 1665 nuntiare.

778 1699 1002 1760 XLIII.
1061 1700 1214 1760 Cum
1282 1700 1435 1759 sores
1495 1684 1688 1758 essent
1751 1699 1980 1758 clausae

858 1797 1100 1854 ueniens
1128 1795 1203 1854 ad
1231 1794 1551 1870 discipulos
1579 1812 1785 1870 pacem
1808 1792 1981 1852 infert

858 1890 1130 1948 manibus
1167 1890 1458 1964 latereque
1497 1897 1821 1947 monstrato
1855 1888 1980 1964 qui-

859 1984 967 2042 bus
997 1983 1365 2042 insuflatione
1405 1981 1688 2058 significat
1717 1981 1979 2057 spiritum

859 2089 1123 2137 sanctum
1142 2078 1281 2135 item
1299 2086 1434 2153 post
1453 2076 1576 2136 dies
1593 2086 1730 2135 octo
1747 2076 1980 2135 thomas

857 2171 1215 2248 inspectione
1272 2170 1366 2230 uel
1430 2179 1585 2228 tactu
1652 2170 1844 2228 lateris
1911 2188 1980 2227 ac

858 2283 1142 2324 manuum
1163 2264 1537 2324 confirmatur
1564 2263 1806 2321 audiens
1825 2263 1981 2321 beati

860 2359 960 2436 qui
990 2377 1110 2418 non
1139 2357 1411 2417 uiderunt
1441 2368 1497 2417 et
1527 2357 1910 2417 crediderunt.

701 2476 704 2479 ·
776 2451 1033 2512 XLIIII.
1065 2452 1405 2511 Manifestat
1425 2471 1485 2512 se
1504 2452 1710 2511 iterum
1727 2450 1802 2509 ad
1818 2469 1979 2509 mare

858 2546 1152 2607 tiberiadis
1181 2555 1406 2622 septem
1432 2546 1728 2623 discipulis
1754 2545 1813 2603 in
1844 2564 1978 2622 cap-

859 2650 988 2700 tura
1014 2641 1263 2718 piscium
1293 2649 1528 2699 centum
1558 2639 1979 2717 quinquaginta

859 2735 1033 2794 trium
1062 2754 1197 2794 cum
1226 2735 1628 2795 resurrexisset
1658 2751 1694 2793 a
1720 2735 1979 2792 mortuis.

778 2826 968 2889 XLV.
1010 2827 1214 2905 Usque
1245 2829 1411 2887 tertio
1442 2826 1581 2887 dicit
1619 2837 1783 2904 petro
1817 2845 1979 2886 amas

861 2942 958 2982 me
986 2923 1123 3001 quia
1150 2933 1235 2981 ter
1256 2940 1392 2981 eum
1414 2931 1730 2998 negauerat
1757 2933 1814 2980 et
1844 2940 1976 2998 pas·

860 3018 1077 3078 cendas
1104 3034 1249 3076 oues
1277 3034 1465 3093 aeque
1486 3016 1654 3075 tertio
1677 3034 1978 3074 commen-

861 3111 1008 3170 dans
1031 3110 1371 3170 extensione
1393 3127 1672 3168 manuum
1696 3109 1979 3185 significat

861 3207 914 3266 ei
936 3205 1096 3282 quod
1116 3204 1307 3264 crucis
1327 3213 1513 3263 morte
1537 3203 1683 3263 foret
1706 3204 1979 3279 martyrio

858 3298 1250 3359 coronandus„

844 3594 1010 3644 XLII.
1044 3608 1187 3652 qua:
1224 3608 1375 3659 quam
1404 3592 1477 3650 H,
1502 3592 1620 3657 quia
1643 3592 1703 3640 Y.
1771 3591 1978 3657 magda-

777 3659 919 3711 lenae
959 3661 1128 3710 Thom.
1197 3659 1394 3709 sublato
1428 3658 1498 3707 H.
1567 3656 1887 3707 currentibus-
1907 3658 1979 3706 H.

778 3729 1071 3776 dommum
1091 3741 1154 3774 ex
1175 3725 1323 3774 deum
1346 3724 1504 3774 Harl.
1566 3723 1800 3772 estimans
1821 3723 1977 3772 Harl.

776 3791 1096 3841 hortolanum
1140 3791 1298 3840 Harl.
1348 3789 1504 3839 Thone
1523 3826 1536 3849 ,
1584 3787 1865 3838 ortolanum
1906 3788 1978 3838 H.

776 3873 839 3908 co
909 3858 1001 3906 itio
1022 3857 1177 3905 Harl.

896 3923 1038 3972 LIII.
1090 3921 1256 3971 clause
1310 3920 1467 3970 Harl.
1558 3918 1881 3969 insufflatione
1933 3919 1978 3967 Y

787 3988 959 4037 Thone.
1016 3993 1114 4050 pro
1139 3989 1326 4036 insufl.
1351 3988 1633 4044 significat.
1664 3985 1808 4035 hahet
1839 3983 1977 4033 infla-

778 4054 928 4102 tionis
949 4053 1095 4116 signo
1118 4052 1205 4101 dat
1230 4053 1300 4101 H.

842 4118 1001 4168 XLV.
1036 4133 1221 4182 aequae
1245 4118 1298 4166 H
1330 4117 1500 4166 Thom,
1545 4118 1881 4166 extensionem
1906 4116 1976 4165 H.

777 4187 1077 4241 martyrio:
1114 4183 1346 4246 mysterio
1371 4183 1440 4232 H.

843 4249 1039 4299 Subscr.
1098 4248 1369 4314 expliciunt
1428 4246 1653 4310 capitula
1709 4247 1763 4296 H
1819 4247 1975 4297 Harl.

785 4315 980 4374 Thone„
1023 4314 1229 4378 explicit
1273 4313 1538 4365 secundum
1587 4312 1851 4362 iohannem
1897 4312 1978 4370 Y;

776 4379 920 4430 nihil
936 4379 1078 4430 habet
1100 4380 1163 4429 A.

2090 855 2205 906 Uat.
2216 855 2365 904 Alex.
2383 856 2473 918 14<
2486 876 2529 894 =
2548 854 2983 918 Thom.1.p.344).

2085 947 2373 1006 Allocutio
2412 945 2575 1004 Pilati
2617 946 2693 1006 ad
2733 946 2984 1005 Iudaeos

2162 1041 2236 1099 de
2266 1040 2418 1099 Iesu.

2082 1133 2156 1193 Et
2184 1134 2347 1211 quod
2380 1133 2581 1193 Iudaei
2618 1152 2681 1193 se
2723 1151 2841 1193 non
2880 1133 2982 1191 ha-

2161 1230 2297 1287 bere
2319 1246 2519 1305 regem
2541 1228 2649 1286 nisi
2668 1226 2982 1287 Caesarem

2162 1322 2517 1398 profitentur.

2081 1416 2249 1475 XIV.
2291 1416 2492 1475 Passio
2521 1415 2656 1475 Iesu
2695 1427 2752 1474 et
2790 1415 2982 1492 sepul-

2163 1522 2290 1569 tura
2318 1511 2442 1570 eius
2471 1520 2528 1569 et
2559 1510 2920 1569 resurrectio.

2083 1605 2249 1664 Iesus
2279 1615 2588 1682 postquam
2618 1603 2926 1663 resurrexit
2947 1622 2984 1662 a

2166 1698 2408 1758 mortuis
2423 1699 2523 1757 ubi
2542 1699 2805 1776 apparuit
2823 1698 2984 1775 prius

2165 1803 2222 1851 et
2261 1791 2575 1869 discipulos
2618 1810 2757 1852 suos
2793 1792 2984 1851 uisitat

2165 1898 2222 1946 et
2258 1905 2381 1945 non
2420 1886 2679 1946 credenti
2709 1885 2982 1945 Thomae

2163 1999 2373 2040 manus
2401 1980 2668 2040 ostendit.

2082 2452 2348 2530 Itemque
2406 2453 2567 2531 quod
2623 2453 2981 2529 piscantibus

2164 2547 2287 2605 aliis
2323 2566 2459 2606 cum
2500 2546 2676 2607 Petro
2715 2548 2980 2624 apparuit

2164 2642 2223 2698 in
2245 2642 2432 2701 littore
2451 2642 2614 2701 Iesus
2634 2660 2887 2718 poscens
2905 2643 2980 2701 ab

2162 2736 2243 2794 eis
2261 2735 2708 2812 pulmentarium
2721 2756 2738 2810 ;
2769 2737 2981 2814 quibus

2162 2830 2509 2905 negantibus
2519 2830 2657 2891 dicit
2673 2841 2737 2889 ut
2754 2831 2983 2889 mittant

2163 2925 2304 2983 retia
2343 2925 2406 2982 in
2444 2925 2645 2985 dextra
2683 2924 2881 2996 nauis;
2924 2934 2982 2983 et

2166 3030 2488 3096 coeperunt
2542 3020 2735 3079 statim
2791 3021 2980 3096 pisces

2163 3131 2415 3190 magnos
2444 3132 2692 3173 numero
2720 3132 2877 3174 cun.

2081 3208 2159 3266 Et
2186 3208 2347 3285 quod
2377 3220 2511 3285 post
2539 3209 2846 3285 prandium
2874 3207 2982 3267 Pe·

2163 3313 2252 3361 tro
2279 3303 2606 3380 pascendas
2641 3321 2784 3362 oues
2816 3304 2981 3362 tertio

2164 3398 2427 3474 iniungit.

2145 3598 2340 3647 Subscr.
2375 3597 2551 3646 finiunt
2583 3597 2801 3662 capitula
2828 3596 2879 3645 in
2910 3596 2980 3646 io-

2080 3664 2307 3713 hannem.

1167 686 1623 747 CAPITULA
1680 686 1800 746 IN
1833 683 2478 748 EUANGELIUM
2511 682 3041 745 SECUNDUM
3076 682 3612 743 IOHANNEM.

3338 850 3550 915 DSPGQ
3569 867 3686 901 aur.
3710 868 3749 900 c.

3172 942 3455 1018 discipulo
3489 960 3666 1019 quern
3711 943 3996 1021 dilegebat

3171 1055 3310 1096 ecce
3338 1047 3523 1096 mater
3550 1047 3664 1095 tua.

3088 1129 3342 1190 XXXV.
3367 1129 3505 1189 Post
3517 1133 3994 1192 resurrectionem

3168 1225 3393 1303 aparuit
3402 1224 3489 1283 ihs
3501 1224 3796 1301 discipulis
3804 1236 3861 1284 et
3876 1245 3994 1286 non

3167 1318 3438 1379 credebat
3454 1318 3686 1377 thomas
3703 1330 3761 1378 et
3777 1320 3994 1379 Iterum

3169 1431 3457 1489 apparens
3485 1413 3819 1489 increpabat
3846 1414 3918 1474 ei.

3084 2452 3379 2535 XXXVI..
3410 2453 3488 2514 Et
3516 2474 3654 2514 cum
3676 2475 3780 2515 -ιιι-
3805 2456 3992 2515 mani-

3164 2546 3397 2607 festaret
3454 2567 3517 2607 se
3559 2550 3650 2608 ihs
3697 2549 3991 2627 d1scipulis

3165 2642 3283 2701 suis
3313 2651 3370 2699 et
3391 2642 3470 2699 ait
3496 2652 3663 2718 petro
3686 2652 3772 2702 ter
3794 2643 3991 2703 dicens

3164 2754 3343 2813 pasce
3370 2753 3516 2795 oues
3545 2755 3711 2797 meas
3728 2738 3892 2798 tertio
3912 2737 3991 2796 ait

3165 2841 3221 2888 et
3249 2848 3489 2907 sequere
3519 2848 3632 2889 me.

3864 3531 3977 3540 ,-

3149 3595 3429 3645 XXXIIII.
3476 3611 3570 3646 om.

3082 3667 3363 3776 thXXV.
3401 3726 3475 3775 ita
3497 3726 3640 3775 habet
3661 3742 3686 3775 c
3706 3732 3756 3777 et
3787 3726 3871 3776 ubi
3897 3727 3986 3778 du·

3625 3602 3989 3647 emanator

3081 3793 3271 3843 bitabat
3287 3791 3483 3841 thomas
3498 3798 3548 3842 et
3567 3790 3742 3841 iterum
3760 3791 3989 3857 apparuit

3081 3866 3130 3908 et
3162 3858 3447 3922 increpabat
3480 3872 3609 3906 eum.
3677 3873 3986 3916 apparens:

3080 3924 3381 4038 appcaiuktvelt
3403 3923 3509 3971 rell.
3562 3925 3682 4037 aegii!
3698 3938 3811 4052 egm
3835 3924 3945 3973 rell.

3381 4027 3391 4037 .
3431 4003 3526 4038 om.
3796 4004 3913 4038 aur.
3946 4005 3985 4039 c.

3086 4062 3140 4110 >
3162 4054 3332 4103 dicens
3367 4060 3441 4102 ter
3477 4053 3615 4116 ffQ3
3660 4069 3753 4103 om.
3790 4056 3987 4105 dicens

3082 4135 3195 4168 aur.
3219 4135 3257 4168 c.
3325 4135 3419 4169 om.
3443 4122 3612 4169 tertio
3635 4122 3719 4168 ait
3741 4119 3848 4169 rell.

3146 4185 3345 4234 Subscr.
3370 4183 3659 4246 Finit(·iunt
3675 4182 3796 4248 cor.)
3814 4185 3988 4235 breues

3081 4265 3257 4300 causae
3279 4249 3547 4299 secundum
3564 4248 3651 4299 ioli
3670 4250 3719 4298 D
3736 4266 3748 4309 ;
3782 4249 3989 4314 explicit

3081 4316 3244 4365 breuis
3265 4314 3539 4392 disputatio
3567 4318 3729 4379 enan}
3758 4315 3989 4366 iohannis

3081 4381 3168 4441 Ἐς
3216 4380 3421 4444 explicit
3461 4381 3681 4445 capitula
3718 4381 3985 4431 secundum

3080 4447 3345 4496 iohannem
3392 4444 3471 4504 G3
3517 4445 3659 4496 nihil
3704 4446 3884 4496 habent
3927 4453 3988 4496 ut

3080 4512 3288 4562 uidetur
3310 4511 3358 4575 Q
3378 4527 3495 4559 aur.
3518 4527 3560 4563 c.
