4717 6400
1039 849 1250 913 DffGQ
1273 864 1390 899 aur.
1413 866 1452 900 c.

745 941 1005 1001 XVIIII.
1050 940 1144 1000 De
1167 959 1346 1001 caeco
1370 942 1423 1000 A
1452 943 1749 1002 natiuitate

828 1035 922 1094 cui
944 1035 1108 1095 linuit
1128 1036 1337 1096 oculos
1357 1044 1417 1094 et
1436 1035 1580 1095 dixit
1598 1035 1749 1096 uade

826 1129 901 1188 ad
931 1129 1190 1206 syloiam.

749 1507 882 1565 XX.
942 1507 1076 1584 Ego
1126 1525 1257 1567 sum
1307 1518 1510 1585 pastor
1559 1510 1750 1567 bonus

829 1601 930 1677 qui
958 1619 1119 1678 pono
1141 1603 1397 1661 animam
1420 1620 1612 1662 meam
1641 1622 1751 1680 pro

827 1697 1036 1755 ouibus
1065 1696 1227 1756 meiS.

751 2260 916 2319 XXI.
973 2258 1193 2318 Dicunt
1242 2261 1296 2318 ei
1337 2260 1557 2320 farissei
1599 2261 1646 2321 si
1688 2270 1750 2318 tu

832 2373 896 2413 es
924 2358 1042 2430 xpc
1071 2353 1166 2412 dic
1195 2355 1366 2413 nobis
1393 2354 1605 2432 palam.

756 2729 953 2789 XXII.
1011 2728 1130 2789 Ubi
1186 2730 1463 2789 latzarum
1519 2731 1755 2791 suscitat

835 2843 957 2887 ·1111·
989 2824 1100 2884 die.

756 3483 984 3543 XXIII.
1030 3483 1107 3542 Et
1138 3483 1385 3560 Accepit
1424 3484 1607 3543 maria
1647 3501 1758 3543 un-

835 3588 1118 3654 guentum
1156 3588 1214 3637 et
1240 3578 1405 3637 unxit
1441 3578 1622 3655 pedes
1658 3577 1757 3637 ihu

836 3680 896 3731 et
922 3672 1140 3731 farissei
1178 3672 1458 3731 uolebant
1489 3672 1758 3733 occidere

838 3767 1135 3825 latzarum.

757 3860 1020 3920 XXIIII.
1062 3860 1139 3919 Et
1182 3860 1420 3920 Turbae
1472 3861 1758 3939 accipiunt

838 3954 1011 4015 flores
1050 3955 1376 4031 palmarum
1406 3966 1465 4014 et
1492 3955 1759 4014 dicebant

823 4152 1050 4202 XVIIII.
1075 4152 1649 4204 XXVI111D2sedcor-r.
1689 4156 1759 4204 de

757 4234 952 4269 caeco:
989 4234 1190 4267 caecum
1214 4219 1294 4274 G;
1329 4219 1463 4268 caeci
1485 4233 1602 4269 aur.
1663 4222 1759 4268 oui

757 4299 851 4333 om.
872 4284 919 4334 G
941 4299 1060 4333 aur.
1117 4286 1320 4333 fluuit:
1356 4283 1674 4333 inluminauit
1692 4285 1757 4334 G.

760 4353 953 4400 oculos
968 4363 1003 4400 ψ
1021 4348 1130 4398 luto
1151 4366 1191 4397 c.
1248 4353 1518 4407 syloiam:
1558 4362 1595 4398 4-
1609 4356 1658 4399 et
1683 4355 1758 4398 tu-

758 4414 990 4464 multuati
1004 4423 1124 4464 sunt
1137 4414 1384 4478 pharisaei
1400 4414 1448 4464 G
1463 4431 1476 4473 ς
1507 4429 1543 4465 -ι-
1559 4422 1608 4464 et
1622 4414 1763 4464 uadit

760 4480 906 4543 (lauit
929 4483 974 4538 c)
1001 4488 1050 4529 et
1079 4481 1204 4529 uidit
1239 4488 1290 4530 et
1323 4479 1614 4529 tumultuati
1647 4486 1763 4529 sunt

758 4545 1005 4611 pharisaei
1026 4560 1141 4595 aur.
1165 4562 1203 4595 c.

823 4612 940 4661 XX.
974 4618 1167 4668 putor
1198 4614 1413 4662 bonus:
1450 4611 1595 4676 panis
1628 4612 1763 4661 uitae

757 4692 871 4726 aur.
906 4692 999 4725 om.
1015 4692 1199 4726 meam
1216 4677 1281 4728 G.
1317 4680 1522 4728 ouibu-
1536 4693 1550 4725 ε
1566 4678 1710 4727 uobis
1722 4691 1762 4726 c.

756 4758 850 4793 om.
876 4745 1016 4791 mein
1038 4757 1152 4792 aur.
1177 4758 1215 4791 c.

825 4808 969 4857 XXI.
1004 4808 1225 4857 dixerunt
1257 4808 1306 4859 G
1335 4824 1450 4857 aur.
1475 4824 1513 4857 c.
1581 4823 1675 4857 om.
1707 4811 1762 4857 ei

760 4889 876 4923 aur.
899 4889 938 4923 c.
993 4877 1209 4931 palam:
1244 4882 1294 4923 et
1312 4879 1388 4935 (ut
1405 4871 1549 4935 aur.)
1567 4873 1762 4938 lapida-

762 4940 880 4988 bant
905 4939 1190 5001 (·dauerunt
1211 4941 1259 5001 c)
1284 4955 1398 4989 eum
1428 4947 1629 5003 propter
1656 4955 1763 4989 uer·

760 5004 880 5052 bum
907 5005 956 5053 G
978 5019 1093 5052 aur.
1116 5021 1157 5053 c.

827 5069 999 5118 XXII.
1033 5069 1291 5119 resuscitat
1321 5069 1429 5133 ΞΩ
1458 5075 1506 5119 et
1531 5076 1766 5133 >quarta

763 5134 844 5250 dGie
865 5136 1118 5185 resuscitat
1145 5135 1424 5198 (suscitanit
1441 5134 1485 5196 c)
1507 5151 1538 5184 a
1558 5136 1767 5184 mortuis

835 5215 949 5248 aur.
972 5216 1012 5249 c.

829 5265 1029 5314 XXIII.
1064 5265 1301 5315 XXXIII
1319 5265 1464 5330 lapsu
1481 5266 1551 5315 D.
1583 5264 1767 5329 accipit

765 5330 886 5394 ffQ.
953 5346 1018 5379 un
1089 5340 1206 5380 ento
1230 5332 1294 5380 G.

830 5395 1012 5445 XXIII
1045 5433 1057 5445 .
1093 5412 1187 5446 om.
1207 5401 1265 5445 et
1280 5396 1353 5444 ad
1365 5395 1480 5444 init.
1496 5410 1613 5445 aar.
1638 5395 1766 5445 aeci-

763 5469 941 5527 perunt
960 5462 1071 5526 ffQ
1091 5477 1206 5511 aur.

1802 678 2330 742 SECUNDUM
2364 680 2591 740 IOHA
2600 678 2901 740 NNE'M.

3824 692 3947 760 501

2182 853 2221 902 J
2243 851 2528 915 (capitula).
3082 847 3133 897 K
3148 848 3303 898 Harl.
3331 864 3355 897 2
3365 858 3460 912 790
3475 850 3640 900 Nanc.
3656 849 3836 898 Bamb.

1853 942 2021 1002 XXI.
2078 943 2169 1003 De
2234 961 2410 1003 caeco
2467 962 2503 1001 a
2558 942 2853 1001 natiuitate
2957 940 3186 999 XVIII.
3233 940 3325 999 De
3384 960 3562 1001 caeco
3615 952 3755 1001 nato
3810 941 3957 1000 inlu-

1933 1056 2110 1115 quem
2138 1037 2518 1096 inluminauit.
3037 1037 3276 1094 minato.

1853 1503 2051 1562 XXII.
2097 1503 2387 1565 Deianua
2412 1515 2470 1564 et
2495 1505 2722 1564 ouibus,
2780 1504 2857 1563 Et
2959 1505 3220 1564 XVIIII.
3283 1504 3401 1563 Ubi
3460 1505 3598 1564 dicit
3655 1521 3769 1579 ego
3826 1521 3958 1562 sum

1936 1599 2074 1676 quia
2099 1599 2224 1676 ipse
2252 1609 2340 1659 est
2368 1601 2559 1659 ianua.
3038 1611 3240 1675 pastor
3267 1600 3480 1657 bonus,

1853 2269 2083 2327 XXIII.
2129 2269 2223 2328 De
2279 2269 2436 2329 facta
2490 2270 2855 2330 dedicatione
2961 2267 3092 2326 XX.
3135 2268 3255 2327 Ubi
3283 2269 3384 2326 ihu
3424 2287 3459 2326 a
3498 2268 3721 2326 iudaeis
3757 2267 3965 2326 dicitur

1937 2364 1999 2421 in
2029 2361 2421 2422 Hierusalem.
3040 2362 3088 2421 si
3117 2373 3179 2421 tu
3209 2381 3272 2422 es
3301 2368 3415 2440 xps
3442 2362 3536 2422 dic
3565 2362 3753 2422 nobis.

1856 2734 2117 2793 XXIIII.
2139 2734 2257 2794 Ubi
2267 2734 2554 2794 Lazarum
2566 2734 2860 2795 suscitauit
2966 2729 3131 2788 XXI.
3175 2728 3268 2788 De
3295 2729 3487 2789 lazaro
3515 2728 3872 2788 resuscitato.

1938 2847 1975 2886 a
2002 2829 2259 2889 mortuis.

1767 3263 1773 3270 .
1860 3207 2052 3267 XXV.
2098 3206 2216 3267 Ubi
2240 3208 2641 3284 cogitauerunt
2663 3206 2865 3266 Iudaei

1944 3301 2214 3362 occidere
2250 3301 2466 3363 Iesum.

1860 3491 1936 3549 Et
1965 3491 2037 3550 de
2076 3490 2268 3549 Maria
2306 3491 2445 3568 quia
2485 3490 2650 3549 unxit
2685 3489 2865 3567 pedes

1944 3585 2079 3644 Iesu
2105 3594 2427 3661 unguenta

1861 3675 1938 3733 Et
1977 3676 2078 3734 ubi
2115 3673 2405 3733 Lazarum
2448 3675 2725 3734 uolebant
2765 3691 2865 3733 oc·

1942 3769 2148 3828 cidere.
2862 3795 2879 3834 ι

1862 3863 2087 3922 XXVI.
2137 3862 2254 3923 Ubi
2298 3864 2465 3923 Iesus
2506 3862 2654 3922 sedit
2694 3879 2866 3939 super

1943 3958 2202 4018 asellum.

2967 3498 3164 3558 XXII.
3223 3496 3343 3557 Ubi
3397 3499 3581 3558 maria
3635 3498 3815 3575 pedes
3867 3499 3966 3558 dui

3045 3595 3230 3671 ungit.

2968 3863 3198 3922 XXIII.
3242 3862 3363 3921 Ubi
3390 3862 3742 3939 accipientes
3771 3878 3970 3921 ramos

3048 3958 3369 4036 palmarum
3448 3957 3686 4015 obuiam
3767 3956 3969 4032 populi

3030 4158 3204 4208 XXII.
3238 4160 3443 4215 peden:
3489 4172 3542 4206 es
3575 4155 3633 4205 in
3666 4171 3765 4204 ras.
3790 4154 3968 4204 Bamb.

2969 4240 3032 4274 un
3105 4226 3143 4273 it
3166 4225 3332 4274 Nanc.

3085 4290 3234 4339 XIII.
3258 4289 3455 4355 populo
3466 4284 3677 4338 Bam!
3688 4286 3795 4350 (sed
3801 4285 3951 4348 corr.)
3959 4321 3970 4333 .
