4717 6400
976 682 1101 732 200
1623 667 1801 728 EUA
1812 668 1885 728 Ν
1886 666 2118 728 GELI
2119 666 2258 726 UM
2298 665 2820 730 SECUNDUM
2861 666 3296 732 MARCUM.

973 865 1041 919 et
1073 854 1371 919 restituta
1401 866 1499 919 est
1533 876 1765 919 manus
1798 854 1909 919 illi.

928 956 955 994 ⁶
974 958 1064 1007 (²0·
1088 954 1136 1007 ⁴)
1184 959 1530 1023 Exeuntes
1580 970 1804 1023 autem
1857 959 2086 1024 statim
2143 960 2365 1043 phari-

1059 1063 1195 1127 saei
1227 1083 1378 1127 cum
1409 1062 1788 1128 herodianis

970 1168 1317 1232 consilium
1340 1167 1668 1233 faciebant
1691 1169 2007 1232 aduersus
2027 1187 2179 1232 eum
2200 1188 2362 1250 quo-

1059 1273 1261 1335 modo
1293 1293 1444 1335 eum
1476 1273 1823 1355 perderent

926 1369 1039 1440 ''et
1069 1376 1240 1439 iesus
1270 1395 1419 1440 curn
1451 1376 1786 1457 discipulis
1818 1376 1952 1439 suis

1057 1480 1329 1544 secessit
1361 1481 1448 1544 ad
1481 1501 1678 1544 mare.

971 1580 1125 1633 (²⁷·¹)
1171 1584 1264 1647 Et
1329 1585 1540 1648 multa
1599 1583 1794 1649 turba
1853 1606 1894 1647 a
1953 1582 2234 1666 galilaea
2295 1595 2365 1648 et
2441 1568 2445 1579 ⁴

1057 1690 1294 1753 iudaea
1323 1698 1550 1752 secuta
1582 1698 1681 1752 est
1710 1707 1863 1750 eum

924 1785 1037 1856 ⁸et
1081 1791 1168 1857 ab
1211 1791 1669 1873 hierosolymis
1714 1802 1780 1855 et
1825 1792 1916 1855 ab
1957 1791 2266 1854 idumaea
2296 1801 2364 1854 et

1053 1906 1234 1960 trans
1266 1896 1584 1961 iordanen

965 2011 1033 2064 et
1063 2002 1176 2082 qui
1208 2001 1379 2065 circa
1406 2011 1631 2082 tyrum
1663 2010 1730 2063 et
1759 1999 2066 2064 sidonem

1055 2103 1414 2168 multitudo
1446 2123 1691 2185 magna

3672 659 3792 752 [ΙΙΙ.
3816 690 3977 742 5-11.

2572 857 2919 921 audientes
2973 878 3141 939 quae
3188 856 3468 920 faciebat
3524 866 3843 920 uenerunt
3886 856 3974 919 ad

2658 982 2834 1025 eum.

2444 1094 2448 1107 ·
2527 1066 2551 1103 ⁰
2574 1064 2667 1128 Et
2696 1065 2872 1129 dixit
2902 1063 3243 1146 discipulis
3272 1065 3410 1128 suis

2571 1181 2646 1234 ut
2705 1168 3009 1232 nauicula
3075 1168 3201 1232 sibi
3265 1168 3627 1232 deseruiret
3703 1177 3974 1250 propter

2655 1273 2918 1336 turbam
2949 1293 3032 1336 ne
3063 1273 3572 1355 comprimerent
3603 1290 3756 1334 eum

2443 1356 2447 1393 ³
2497 1378 2550 1417 ¹⁰
2570 1379 2815 1442 multos
2847 1378 3025 1440 enirn
3062 1377 3342 1441 sanabat

2567 1481 2662 1545 ita
2707 1492 2780 1545 ut
2826 1481 3157 1544 inruerent
3205 1482 3270 1544 in
3303 1501 3455 1544 eum
3498 1490 3571 1543 ut
3606 1479 3789 1542 illum
3823 1488 3969 1543 tan-

2654 1595 2889 1667 gerent

2567 1696 2900 1770 quotquot
2922 1688 3259 1751 habebant
3284 1685 3516 1769 plagas
3537 1683 3588 1725 ¹¹
3607 1695 3676 1750 et
3697 1684 3971 1767 spiritus

2655 1792 2951 1855 inmundi

2567 1914 2718 1959 curn
2751 1895 2936 1958 illurn
2970 1895 3285 1958 uidebant
3319 1893 3750 1976 procidebant
3781 1892 3862 1955 ei.

2569 1997 2661 2049 (²3·
2688 1994 2734 2045 ⁸)
2782 1998 2874 2063 Et
2905 1997 3286 2063 clamabant
3317 1999 3613 2062 dicentes

2655 2113 2726 2168 tu
2762 2124 2831 2166 es
2863 2101 3035 2166 filius
3065 2103 3174 2166 dei

965 2273 1213 2332 extende
1241 2289 1479 2330 manum
1510 2282 1687 2331 tuam.
1773 2281 1829 2329 et
1858 2268 2131 2330 extendit.
2215 2278 2272 2328 et
2314 2268 2573 2328 restituta
2612 2279 2699 2327 est
2740 2287 2949 2328 manus
2989 2270 3131 2328 eius,
3215 2271 3236 2303 ὅ
3264 2278 3544 2328 exeuntes
3585 2278 3778 2326 autern
3822 2285 3966 2326 con-

965 2369 1148 2428 tinuo.

965 2461 1287 2539 perderent.

1258 2365 1543 2442 pharisaei
1596 2384 1733 2426 cum
1787 2364 2118 2423 herodianis
2173 2362 2480 2422 consilium
2535 2362 2825 2423 faciebant
2880 2364 3157 2423 aduersus
3213 2382 3364 2422 eum.
3470 2362 3773 2440 quomodo
3828 2379 3964 2420 eum

1383 2460 1405 2494 ⁷
1434 2462 1590 2520 iesus
1638 2469 1851 2519 autem.
1935 2456 2171 2517 secessit
2215 2475 2351 2515 cum
2401 2456 2694 2533 discipulis
2751 2458 2867 2517 suis
2922 2458 2999 2516 ad
3054 2476 3232 2517 mare.
3315 2468 3372 2517 et
3428 2457 3611 2516 multa
3668 2456 3850 2514 turba.
3931 2474 3969 2514 a

965 2555 1190 2632 galilea.
1272 2565 1332 2615 et
1376 2553 1584 2614 iudaea
1631 2564 1830 2613 secuta
1873 2564 1960 2613 est
2001 2570 2152 2610 eum.
2236 2550 2258 2582 ⁸
2286 2561 2344 2609 et
2386 2552 2462 2609 ab
2502 2551 2922 2628 hierosolymis.
3006 2563 3063 2611 et
3104 2553 3182 2610 ab
3226 2552 3478 2611 idumea.
3560 2562 3617 2610 et
3659 2551 3760 2628 qui
3804 2560 3969 2608 erant

965 2661 1125 2709 trans
1177 2650 1495 2709 iordanem.

1594 2659 1651 2709 et
1704 2649 1858 2709 circa
1912 2658 2104 2723 tyrum
2151 2656 2209 2704 et
2265 2643 2548 2704 sidonem.
2646 2645 2957 2705 multitudo
3012 2665 3247 2723 magna.

3346 2646 3665 2705 audientes.
3747 2654 3975 2721 quanta

965 2743 1225 2803 faciebat.
1306 2755 1592 2803 uenerunt
1620 2744 1696 2803 ad
1725 2761 1877 2801 eum.
1959 2741 1982 2779 ⁹
2009 2750 2066 2799 et
2094 2738 2236 2798 dixit
2264 2738 2562 2815 discipulis
2590 2740 2709 2798 suis
2749 2749 2814 2798 ut
2850 2740 3123 2799 nauicula
3164 2741 3273 2800 sibi
3317 2741 3646 2799 deseruiret.
3728 2748 3967 2816 propter

964 2840 1195 2898 turbam
1251 2857 1326 2897 ne
1377 2838 1826 2914 comprimerent
1869 2854 2020 2894 eum.
2103 2831 2148 2865 ¹⁰
2175 2833 2393 2892 multos
2442 2833 2598 2892 enim
2648 2835 2906 2893 sanabat.
2989 2835 3069 2893 ita
3116 2845 3180 2894 ut
3228 2836 3523 2893 inruerent
3562 2834 3624 2892 in
3664 2852 3818 2892 eum.
3900 2843 3969 2891 ut

964 2933 1125 2993 illum
1166 2942 1484 3010 tangerent.
1565 2944 1624 2991 et
1651 2930 1971 3010 quodquod
2014 2928 2306 2987 habebant
2347 2926 2568 3004 plagas.
2651 2927 2692 2962 ¹¹
2733 2939 2791 2987 et
2833 2929 3065 3005 spiritus
3106 2928 3437 2987 inmundos
3524 2944 3661 2986 cum
3702 2928 3969 2988 uiderent

1037 3110 1087 3162 6.
1118 3125 1213 3159 om.
1242 3113 1438 3159 statim
1469 3107 1696 3158 GLM'R.
1763 3107 1981 3173 pharisei
2010 3107 2145 3165 DW,
2177 3104 2370 3155 farisaei

971 3188 1029 3240 L.
1103 3195 1159 3245 >
1175 3188 1315 3254 phar.
1340 3188 1506 3239 statim
1530 3187 1576 3237 T
1597 3202 1678 3251 vg.
1743 3185 2045 3237 herodianiis
2073 3182 2161 3234 E*.
2227 3184 2372 3234 fatie-

970 3270 1092 3319 bant
1114 3268 1178 3319 G.
1248 3282 1376 3317 eum
1404 3273 1522 3331 pr.:
1555 3283 1649 3316 om.
1672 3267 1746 3325 L;
1785 3265 1892 3315 ihm
1915 3264 2129 3314 EGKV.
2191 3262 2378 3328 Deficit

973 3348 1014 3397 B
1026 3353 1142 3411 post
1165 3349 1468 3404 perderent
1489 3360 1644 3409 usque
1664 3345 1737 3394 ad
1754 3346 2166 3394 descenderant
2187 3358 2243 3393 u.
2271 3354 2350 3391 22.

1041 3434 1085 3487 7.
1120 3431 1178 3475 et
1202 3423 1298 3487 (bis
1320 3424 1464 3489 lapsu
1489 3422 1564 3488 D)
1587 3425 1680 3472 ilia
1707 3422 1838 3472 codd.
1866 3429 1914 3471 ct
1939 3422 2037 3471 cod.
2065 3418 2227 3483 caras.
2249 3437 2260 3469 :
2296 3418 2375 3468 ilis

972 3510 1140 3554 autem
1175 3502 1226 3552 G
1253 3518 1334 3566 vg.
1401 3517 1555 3567 quum
1589 3500 1706 3551 CH.
1774 3517 1807 3551 a
1838 3515 1975 3551 mare
2010 3499 2081 3548 H.
2153 3505 2209 3554 >
2229 3498 2375 3547 turba

971 3581 1131 3631 multa
1146 3581 1210 3645 Q.
1258 3579 1444 3644 galilea
1458 3577 2040 3629 CDEffGKLM'ORW
2055 3592 2069 3636 ;
2091 3576 2266 3626 deinde
2281 3581 2340 3625 et
2357 3592 2371 3625 ε

986 3674 1019 3709 -ι-
1037 3660 1208 3723 aLQ3
1245 3672 1282 3710 -ι-
1298 3658 1360 3707 de
1379 3656 1441 3706 R.
1503 3656 1650 3707 iudea
1674 3655 2104 3719 DEzPLOQRW.
2165 3660 2375 3718 sequuta

970 3747 1045 3789 est
1067 3737 1225 3797 ΘΙΧ;
1258 3744 1452 3786 secutae
1475 3743 1588 3785 sunt
1611 3734 1670 3784 C.

1040 3817 1085 3865 8.
1117 3830 1214 3865 om.
1246 3820 1306 3864 et
1331 3814 1402 3862 ad
1427 3813 1544 3862 init.
1572 3812 1904 3862 ΑΞΡΗΘΧΥ.
1971 3813 2372 3867 hierosolymis

970 3889 1349 3960 (ἱεροσολύμων)
1366 3892 1496 3941 codd.
1505 3892 1611 3959 pL:
1647 3891 1997 3953 hierusolymis
2013 3889 2127 3947 ΕΚ,
2148 3888 2374 3938 hieruso-

971 3972 1109 4022 limis
1135 3970 1360 4021 DffLM'
1360 3970 1423 4032 R,
1456 3969 1807 4033 hyemsolimis
1838 3969 1900 4032 Q
1938 3965 2273 4017 hierosolimis
2305 3966 2368 4026 Y,

972 4051 1113 4100 ieros.
1139 4048 1224 4109 W,
1247 4047 1560 4111 ierosolymis
1580 4061 1659 4110 vg.
1705 4048 1903 4096 Nomen
1928 4044 2157 4094 ciuitatis
2176 4043 2377 4108 triplici

959 4127 1136 4192 forma
1156 4141 1331 4190 graece
1360 4131 1407 4175 et
1436 4124 1595 4174 latine
1626 4130 1801 4173 exstat.
1867 4124 2046 4172 Graece
2078 4118 2374 4183 ἱεροσόλυμα

975 4205 1088 4269 (uel
1115 4201 1409 4265 ἱεροσόλυμα
1444 4203 1670 4252 Westcott
1699 4208 1750 4251 et
1774 4202 1934 4262 Hort)
1964 4206 2145 4250 neutro
2166 4199 2377 4264 plurali

973 4291 1022 4333 ct
1025 4282 1288 4347 feminino
1309 4280 1585 4346 singulari,
1608 4287 1656 4330 ct
1676 4276 1979 4341 ἱερουσαλήμ
2003 4278 2114 4339 (lep.
2148 4277 2224 4326 W.
2246 4277 2370 4339 IL),

975 4363 1134 4411 latine
1177 4359 1526 4422 hierosolyma,
1579 4359 1809 4424 (-orum),
1854 4359 1934 4418 -is,
1977 4364 2026 4406 et
2067 4372 2135 4420 -a‚
2183 4371 2283 4418 -ae,
2326 4362 2374 4405 et

973 4438 1288 4488 hierusalem.
1354 4437 1615 4487 Mattheus
1642 4436 1821 4500 forma
1854 4435 2034 4500 prima
2069 4440 2118 4482 et
2158 4435 2373 4483 secunda

975 4518 1163 4577 utitur,
1189 4524 1236 4566 et
1253 4516 1404 4565 semel
1420 4521 1622 4564 tantum
1645 4515 1796 4564 tertia
1819 4515 1877 4562 in
1898 4513 2067 4563 uerbis
2088 4511 2374 4562 Saluatoris

977 4595 1302 4645 lamentantis
1341 4592 1636 4643 hierusalem
1675 4591 1972 4641 hierusalem
2011 4606 2139 4656 quae
2184 4590 2373 4640 occidis

976 4674 1250 4739 prophetas
1292 4677 1396 4735 cap.
1442 4670 1578 4719 xxiii.
1630 4680 1710 4732 37.
1776 4671 1988 4719 Marcus
2028 4676 2076 4717 et
2122 4668 2375 4718 Iohannes

959 4752 1140 4816 forma
1171 4750 1382 4816 plurali
1425 4745 1735 4812 ἱεροσόλυμα,
1781 4763 1866 4794 -ων
1906 4747 2021 4811 scre
2058 4752 2246 4809 semper
2289 4745 2376 4794 uti

977 4829 1239 4888 uidentur,
1278 4827 1365 4876 cui
1401 4827 1526 4875 usui
1558 4825 1736 4875 codices
1775 4822 1939 4873 nostri
1968 4822 2219 4888 plurimis
2256 4823 2372 4871 locis

975 4906 1277 4971 respondent,
1301 4921 1362 4954 sc.
1387 4906 1469 4954 hic
1488 4911 1536 4954 et
1557 4920 1609 4953 u.
1632 4918 1707 4963 22,
1733 4902 1816 4953 vii.
1838 4915 1878 4961 1,
1904 4917 1953 4951 x.
1980 4915 2058 4963 32·
2085 4913 2165 4961 33,
2190 4901 2255 4949 xi.
2276 4903 2369 4964 (1).

980 4998 1057 5034 11.
1080 4998 1154 5048 15.
1174 4984 1302 5048 (27),
1321 4987 1421 5046 (xv.
1441 4984 1545 5047 41),
1571 4989 1619 5032 et
1635 4983 1744 5031 Iole.
1774 4983 1807 5031 i.
1834 4995 1908 5045 19.
1932 4980 1984 5029 ii.
2005 4992 2080 5041 13.
2102 4992 2181 5040 23,
2204 4979 2269 5029 iv.
2292 4992 2370 5030 20.

978 5077 1058 5113 21.
1081 5077 1167 5127 45,
1187 5078 1234 5112 v.
1259 5075 1302 5112 1.
1329 5074 1375 5122 2,
1400 5078 1446 5110 x.
1476 5074 1554 5121 22,
1579 5061 1642 5111 xi.
1667 5062 1741 5109 18.
1761 5073 1841 5122 55,
1862 5059 1947 5108 xii.
1972 5070 2048 5107 12.
2105 5058 2176 5106 In
2194 5058 2372 5106 Marco

974 5150 1143 5192 tamen
1175 5141 1241 5190 xi.
1276 5154 1320 5202 1,
1342 5140 1613 5205 fluctuant
1628 5138 1802 5203 graeci
1830 5138 1971 5186 inter
1997 5133 2293 5199 ἱερουσαλήμ
2323 5141 2374 5184 et

974 5219 1284 5283 ἱεροσόλυμα,
1325 5219 1491 5268 nostri
1525 5217 1664 5267 inter
1694 5213 2073 5278 hierosolymae,
2111 5213 2371 5264 hierosoli-

974 5313 1127 5359 mam,
1158 5304 1205 5347 ct
1234 5295 1613 5360 hierosolymis;
1645 5295 1710 5359 cf.
1743 5295 1898 5343 etiam
1919 5293 1985 5342 xi.
2014 5303 2091 5356 27,
2113 5299 2160 5342 et
2179 5308 2259 5342 xv.
2287 5305 2369 5355 41.

975 5376 1140 5425 Lucas
1152 5374 1270 5438 sere
1298 5381 1488 5438 semper
1506 5374 1680 5423 scribit
1705 5369 2038 5433 ἱερουσαλήμῖ
2071 5371 2131 5436 ‹ff-
2156 5371 2229 5420 ad
2246 5371 2369 5419 Luc.

970 5453 1026 5503 ii.
1052 5466 1132 5515 22,
1154 5452 1246 5502 ubi
1269 5452 1330 5502 dc
1354 5466 1452 5502 usu
1480 5452 1591 5501 eius
1611 5452 1773 5517 plura
1802 5450 2100 5514 collegimus.
2167 5465 2262 5499 om.
2296 5453 2368 5499 ab

2564 3122 2652 3155 sec.
2700 3106 2769 3155 D.
2834 3105 3038 3155 idumea
3092 3105 3590 3166 ESPKM'ORWXZ,
3639 3105 3848 3155 edumea
3901 3106 3967 3165 L,

2566 3182 2780 3247 ydumea
2813 3183 2873 3244 C,
2909 3183 3098 3233 idumia
3132 3184 3202 3244 D,
3236 3182 3466 3233 idomaea
3498 3182 3561 3232 G.
3629 3188 3681 3232 et
3725 3182 3787 3234 de
3831 3191 3965 3234 trans

2564 3261 2690 3312 iord.
2737 3261 2800 3324 Q.
2846 3261 3117 3311 iordannen
3163 3262 3227 3322 O,
3280 3260 3552 3310 ihordanen
3599 3260 3661 3322 C,
3707 3261 3963 3311 iordanem

2566 3340 2726 3390 GMx
2760 3354 2873 3402 ηις
2919 3339 3095 3389 deinde
3126 3355 3221 3389 om.
3255 3344 3311 3389 et
3346 3337 3438 3388 0²⁸.
3505 3342 3606 3397 qui
3638 3353 3675 3389 -ι-
3706 3347 3844 3390 erant
3878 3340 3962 3388 W.

2564 3418 2713 3467 tirum
2764 3416 2930 3465 :vPL‘R
3011 3416 3249 3480 sydonem
3305 3415 3639 3466 CDEsz*
3674 3416 3819 3481 (corr.
3868 3417 3962 3478 ΖΙ).

2564 3510 2660 3560 que
2703 3496 2771 3545 D.
2854 3493 3062 3545 satiebat
3105 3496 3170 3552 G,
3226 3494 3477 3544 faciebant
3525 3492 3616 3543 T*.
3705 3494 3965 3545 uenierunt

2630 3666 2678 3715 9.
2713 3656 2770 3700 et
2816 3653 2967 3700 dixit
2998 3662 3037 3697 -4-
3067 3649 3199 3699 iesus
3243 3648 3358 3704 ⁴3²5.
3424 3654 3491 3698 ut
3546 3652 3816 3700 nauicula
3863 3648 3967 3715 (ἵνα,

2562 3726 2835 3791 πλοιάριον)
2892 3727 3574 3792 ΑΗΘΚΜΜῸΩἺΥἨΕΤΛ
3632 3735 3690 3777 ut
3744 3729 3795 3778 in
3846 3745 3965 3778 nau.

2563 3803 3262 3860 CDEssvPGILRTWXZ‘J'S.
3317 3806 3613 3855 deseruirent
3636 3806 3962 3856 E⁶GH⁰OIK

2563 3881 2930 3938 WXYoz²5z.
2997 3883 3361 3947 conprimerent
3399 3882 3784 3945 DEEPGLM'O,
3825 3899 3965 3933 com·

2562 3978 2716 4027 prem.
2743 3962 2808 4022 Y,
2834 3976 3137 4027 compraem.
3163 3961 3262 4020 H*‚
3290 3975 3569 4024 conpraem.
3596 3961 3657 4011 R.

2633 4054 2710 4090 10.
2743 4040 2941 4089 sanauit
2962 4039 3124 4087 Effw
3145 4055 3259 4088 cum
3286 4040 3326 4088 d
3326 4039 3399 4105 ff²
3417 4048 3465 4089 et
3485 4040 3680 4102 graccis
3694 4040 3966 4103 plurimis,

2563 4122 2856 4168 inruerent
2874 4116 3202 4181 (ἐπέπιποιὼ
3238 4117 3321 4166 irr.
3341 4116 3462 4166 KW
3477 4133 3556 4182 vg.
3576 4133 3590 4176 ;
3616 4118 3871 4167 inruerunt
3885 4118 3959 4177 L;

2562 4203 2756 4246 ruerent
2796 4197 2868 4245 ΞΡ.
2937 4202 3229 4259 tanguerent
3269 4196 3336 4257 D,
3377 4202 3634 4259 tangarent
3672 4195 3734 4245 L.
3799 4201 3961 4254 quot-

2562 4280 2731 4332 quot:
2767 4273 3038 4339 quodquod
3068 4272 3332 4322 CGOTX.
3398 4287 3492 4330 qu.
3519 4273 3629 4323 sine
3657 4272 3816 4324 addit.
3846 4288 3962 4322 cum

2562 4351 3098 4415 CGQILMQTVWZ
3139 4367 3238 4415 vg„
3289 4360 3337 4402 et
3380 4360 3497 4402 uett.
3541 4358 3591 4401 et
3624 4351 3820 4415 graecis
3843 4350 3962 4414 scre

2559 4445 2725 4481 amm:
2775 4443 2810 4480 -ι-
2826 4438 2993 4479 autem
3027 4429 3376 4495 coniungentes
3407 4446 3521 4479 cum
3555 4445 3709 4478 uersu
3737 4431 3965 4494 sequenti

2563 4507 3130 4568 ADffHKMOva;
3176 4508 3361 4558 -f-enim
3394 4508 3470 4568 E;
3510 4507 3571 4571 cs]
3606 4514 3657 4558 et
3689 4506 3963 4571 quodquod

2560 4587 2810 4638 habebant
2844 4586 3023 4651 plagas
3056 4594 3107 4636 et
3142 4585 3342 4650 spiritus
3379 4585 3645 4635 inmundos
3662 4585 3713 4650 j}
3742 4584 3823 4633 καὶ
3852 4584 3963 4634 ὅσοι

2560 4671 2736 4715 κηκλ.
2758 4680 2842 4729 gr.
2865 4666 2916 4713 A
2950 4664 3029 4715 28.
3096 4664 3336 4714 haberent
3370 4665 3433 4714 T.
3498 4667 3726 4722 plagas:
3761 4663 3965 4729 flagella

2562 4744 2638 4805 M,
2660 4742 2722 4808 cf
2746 4744 2832 4792 Ps.
2856 4758 2933 4792 xc.
2959 4756 3033 4802 10,
3060 4749 3109 4792 et
3129 4743 3335 4792 uerbera
3352 4758 3402 4792 a.

2632 4835 2708 4873 11.
2743 4822 3007 4870 inmundi
3041 4820 3203 4881 (imm.
3241 4820 3354 4869 HM
3386 4818 3523 4885 vg.):
3564 4819 3829 4869 inmundos
3863 4819 3967 4869 DE

2564 4897 3159 4962 (imm.)a2·0KM·0Rz*
3172 4898 3195 4945 Ρ
3212 4898 3459 4961 (inmundi
3477 4897 3516 4945 Z
3531 4898 3616 4946 sed
3632 4898 3651 4946 i
3675 4898 3734 4947 in
3747 4897 3958 4959 rasura)

2546 4978 2650 5044 fo,
2682 4977 2822 5026 imm.
2856 4992 2910 5035 e;
2941 4975 3214 5025 immundis
3247 4976 3296 5024 X
3313 4990 3328 5036 ;
3366 4975 3635 5024 inmundus
3666 4990 3740 5034 r„
3806 4990 3963 5038 quum

2561 5056 2671 5107 C(··).
2738 5072 2833 5105 om.
2858 5057 3024 5103 illum
3056 5054 3124 5104 K.
3192 5053 3525 5119 procedebant
3555 5051 3961 5117 DmoQRz¹½

2562 5133 2871 5200 proiciebant
2909 5148 2962 5182 se
2998 5131 3060 5194 E,
3099 5132 3160 5198 cy:
3201 5132 3557 5197 superruebant
3594 5147 3633 5180 e.
3714 5134 3799 5181 ei:
3842 5137 3969 5180 ante

2560 5228 2674 5263 eum
2699 5211 2747 5261 Θ
2745 5210 2799 5276 f
2855 5217 2906 5260 et
2928 5209 3273 5261 exclamabant
3299 5209 3467 5260 GKV.
3523 5212 3776 5259 dieentes
3792 5222 3828 5260 -ι-
3842 5209 3961 5272 quia

2562 5292 2610 5342 O
2629 5291 2797 5342 Bentl.
2855 5293 3037 5339 filius:
3074 5288 3166 5339 fius
3190 5290 3251 5338 Y.
3307 5289 3595 5338 chtcnius
3614 5294 3662 5338 et
3682 5288 3835 5338 Clem.
3859 5287 3963 5338 inc.

2561 5385 2690 5419 uers.
2730 5382 2786 5418 12
2828 5375 2897 5418 tu
2936 5383 2998 5418 es
3036 5370 3075 5420 f.
3118 5372 3172 5418 d.
3210 5368 3296 5418 sed
3331 5367 3642 5433 Stephanum
3679 5371 3741 5416 ut
3774 5373 3963 5431 semper

2560 5463 2739 5513 sequor
2766 5460 2783 5495 ι
2795 5460 2909 5510 555.
