4717 6400
962 686 1047 765 84
1566 685 2210 749 EUANGELJUM
2266 683 2796 746 SECUNDUM
2844 682 3408 743 MATTHEUM.

964 876 1236 940 domine
1267 875 1427 939 caeli
1461 887 1527 940 et
1564 885 1776 941 terrae

964 980 1119 1063 quia
1148 981 1553 1044 abscondisti
1599 980 1762 1045 haec
1795 1002 1834 1044 a
1873 980 2282 1062 sapientibus
2312 987 2380 1041 et

1052 1083 1488 1168 prudentibus

965 1196 1033 1252 et
1064 1186 1365 1252 reuelasti
1398 1193 1477 1251 'ea
1506 1187 1795 1270 paruulis

894 1295 947 1335 2⁶
968 1292 1063 1355 ita
1111 1302 1302 1374 pater
1352 1292 1666 1373 quoniam
1728 1292 1823 1355 sic
1883 1290 2006 1353 fuit
2065 1287 2380 1373 placitum

1052 1405 1205 1459 ante
1234 1405 1321 1458 te.

834 1507 841 1514 “
893 1498 945 1538 ²⁷
969 1497 1095 1549 (111·
1120 1497 1164 1547 ³)
1197 1496 1445 1563 Omnia
1474 1496 1639 1561 mihi
1671 1498 1915 1562 tradita
1945 1505 2097 1560 sunt
2127 1517 2165 1561 a
2197 1505 2385 1580 patre

1055 1623 1227 1666 me0.

971 1705 1094 1756 0¹²·
1116 1704 1161 1755 ³)
1196 1706 1289 1770 Et
1317 1726 1516 1770 nemo
1549 1706 1736 1770 nouit
1769 1703 1977 1769 filium
2010 1706 2132 1769 nisi
2166 1714 2356 1788 pater

971 1832 1185 1894 neque
1217 1820 1473 1894 patrem
1504 1810 1651 1892 quis
1682 1810 1867 1874 nouit
1900 1810 2021 1872 nisi
2056 1807 2229 1874 filius

973 1925 1040 1978 et
1071 1914 1175 1980 cui
1209 1911 1492 1978 uoluerit
1522 1911 1696 1977 filius
1725 1911 2036 1977 reuelare.

897 2017 953 2057 ²⁸
975 2016 1097 2068 (11³·
1118 2016 1189 2067 ¹⁰)
1241 2017 1487 2082 Uenite
1516 2017 1602 2080 ad
1638 2038 1745 2081 me
1782 2038 2016 2082 omnes
2052 2019 2163 2100 qui
2201 2018 2387 2082 labo-

1058 2124 1219 2187 ratis
1250 2131 1317 2185 et
1349 2121 1600 2186 onerati
1630 2122 1790 2186 estis

973 2237 1040 2290 et
1071 2247 1196 2310 ego
1221 2224 1506 2288 reficiam
1536 2245 1658 2288 uos

890 2325 952 2367 ²⁹
975 2329 1188 2394 tollite
1221 2330 1444 2411 iugum
1479 2349 1701 2392 meum
1732 2349 1930 2412 super
1959 2351 2079 2394 uos

973 2445 1040 2498 et
1100 2434 1329 2497 discite
1388 2453 1430 2496 a
1490 2453 1599 2497 me
1660 2434 1816 2516 quia
1875 2433 2055 2497 mitis
2115 2454 2263 2498 sum
2323 2444 2389 2498 et

1060 2536 1329 2601 humilis
1357 2537 1556 2601 corde

976 2650 1042 2705 et
1076 2640 1422 2704 inuenietis
1451 2639 1744 2722 requiem
1775 2640 2125 2704 animabus
2155 2640 2390 2705 uestris

898 2740 1200 2827 ³⁰iugum
1246 2744 1422 2808 enim
1465 2763 1686 2806 meum
1721 2764 1926 2807 suaue
1966 2755 2068 2810 est
2111 2754 2180 2809 et
2224 2766 2389 2810 onus

977 2869 1196 2913 meum
1230 2848 1375 2912 leue
1410 2857 1526 2912 est.

3552 673 3671 766 [xl.
3695 692 3918 754 25-x11.
3940 703 3986 752 5·

2484 871 2648 936 XII.
2673 870 2796 922 0¹⁴·
2817 870 2861 921 ²)
2928 872 3004 935 In
3066 871 3181 936 illo
3244 881 3546 954 tempore
3593 868 3756 933 abiit
3812 868 3987 930 iesus

2655 977 2938 1040 sabbato
2972 997 3088 1060 per
3117 985 3262 1040 sata

2567 1079 2869 1163 discipuli
2902 1090 3126 1143 autem
3173 1080 3312 1143 eius
3342 1078 3702 1142 esurientes
3746 1095 3982 1158 coepe-

2655 1194 2807 1248 runt
2895 1184 3141 1248 uellere
3231 1182 3448 1266 spicas
3545 1191 3614 1245 et
3705 1179 3984 1243 mandu-

2656 1309 2804 1352 care

2525 1382 2552 1420 ²
2570 1392 2898 1477 pharisaei
2926 1400 3151 1455 autem
3185 1391 3491 1456 uidentes
3520 1388 3832 1452 dixerunt
3865 1386 3925 1448 ei

2571 1517 2724 1560 ecce
2753 1496 3056 1579 discipuli
3076 1496 3173 1559 tui
3203 1495 3451 1559 faciunt
3469 1491 3649 1575 quod
3681 1511 3812 1555 non
3838 1488 3988 1553 licet

2659 1601 2753 1664 eis
2783 1601 2996 1664 facere
3025 1599 3319 1664 sabbatis

2529 1703 2555 1741 ³
2573 1714 2644 1768 at
2674 1704 2785 1767 ille
2821 1704 2998 1767 dixit
3027 1705 3122 1766 eis

2573 1828 2709 1872 non
2741 1808 2992 1890 legistis
3021 1806 3180 1890 quid
3212 1805 3442 1869 fecerit
3472 1803 3673 1867 dauid
3720 1803 3989 1884 quando

2662 1912 2885 1976 esuriit
2917 1921 2984 1974 et
3014 1911 3125 1992 qui
3157 1930 3308 1973 cum
3341 1930 3421 1971 eo
3451 1917 3638 1971 erant
3664 1911 3690 1969 ?

2529 2004 2917 2099 4quomodo
2977 2015 3252 2079 intrauit
3303 2014 3369 2076 in
3434 2014 3708 2076 domum
3763 2011 3871 2075 dei
3925 2020 3993 2074 et

2663 2140 2869 2204 panes
2899 2116 3366 2203 propositionis
3396 2116 3687 2181 comedit

2573 2248 2744 2310 quos
2775 2245 2907 2289 non
2938 2224 3182 2289 licebat
3211 2222 3272 2287 ei
3302 2222 3497 2286 edere

2575 2350 2792 2413 neque
2821 2328 2921 2392 his
2951 2329 3066 2411 qui
3096 2347 3245 2391 cum
3276 2347 3358 2390 eo
3389 2334 3580 2389 erant

2579 2435 2703 2496 nisi
2735 2432 2893 2498 solis
2922 2431 3425 2496 sacerdotibus?

2534 2532 2561 2571 ⁵
2580 2536 2700 2594 (¹¹⁵⁶
2726 2534 2801 2584 ¹⁰)
2834 2536 2980 2601 Aut
3013 2555 3145 2600 non
3183 2533 3437 2617 legistis
3468 2532 3534 2597 in
3562 2530 3710 2614 lege

2578 2642 2733 2725 quia
2799 2640 3094 2705 sabbatis
3155 2639 3528 2703 sacerdotes
3602 2638 3669 2698 in
3737 2635 3993 2718 templo

2659 2744 3015 2808 sabbatum
3075 2742 3325 2808 uiolant
3383 2751 3452 2806 et
3512 2741 3650 2804 sine
3724 2739 3994 2803 crimine

2664 2857 2817 2912 sunt
2840 2852 2868 2910 Ρ

976 3074 1035 3122 et
1063 3073 1264 3121 terrae.
1320 3061 1423 3138 qui
1450 3060 1806 3120 abscondisti
1848 3060 1994 3120 haec
2039 3080 2073 3119 a
2113 3063 2472 3139 sapientibus
2499 3071 2557 3121 et
2585 3060 2984 3139 prudentibus.
3040 3069 3098 3117 et
3126 3059 3396 3118 reuelasti
3424 3077 3495 3117 ea
3522 3056 3793 3134 paruulis.
3850 3052 3992 3114 ²“ita

977 3166 1142 3235 pater
1168 3157 1448 3233 quoniam
1493 3156 1577 3215 sic
1615 3154 1966 3233 complacuit
1993 3157 2053 3215 in
2083 3169 2403 3234 conspectu
2440 3167 2560 3217 tuo.
2616 3153 2664 3189 ¹⁷
2684 3155 2885 3215 omnia
2911 3153 3054 3212 mihi
3082 3153 3290 3213 tradita
3316 3162 3448 3213 sunt
3478 3171 3513 3211 a
3540 3161 3700 3229 patre
3729 3168 3879 3210 meo.
3934 3159 3993 3209 et

979 3269 1157 3310 nemo
1200 3250 1367 3309 nouit
1412 3249 1607 3308 filium.
1664 3250 1774 3307 nisi
1814 3260 1993 3326 pater.
2039 3269 2229 3328 neque
2270 3262 2493 3328 patrem
2536 3251 2667 3330 quis
2709 3250 2889 3308 nouit.
2947 3248 3058 3306 nisi
3101 3248 3265 3307 filius
3318 3258 3377 3306 et
3417 3249 3514 3307 cui
3556 3246 3803 3305 uoluerit
3845 3245 3994 3304 filius

979 3343 1253 3403 reuelare.
1294 3342 1549 3401 ”uenite
1578 3342 1655 3401 ad
1682 3361 1778 3401 me
1807 3360 2017 3403 omnes
2045 3345 2144 3422 qui
2172 3344 2443 3405 laboratis
2471 3355 2531 3403 et
2557 3343 2783 3403 onerati
2811 3342 2964 3402 estis.
3008 3352 3066 3400 et
3093 3360 3210 3419 ego
3237 3360 3345 3401 uos
3372 3341 3734 3420 requiescere
3763 3338 3990 3398 faciam.

979 3436 1026 3471 ²⁹
1045 3437 1223 3497 tollite
1267 3438 1469 3514 iugum
1521 3454 1718 3495 meum
1766 3454 1940 3513 super
1980 3456 2108 3498 uoS.
2165 3447 2221 3497 et
2266 3439 2467 3498 discite
2513 3457 2548 3496 a
2597 3456 2693 3496 me
2742 3437 2881 3512 quia
2921 3436 3075 3494 mitis
3116 3454 3264 3495 sum.
3319 3444 3378 3494 et
3420 3435 3652 3493 humilis
3686 3434 3878 3493 corde.
3936 3443 3995 3492 et

983 3532 1289 3590 inuenietis
1318 3531 1575 3608 requiem
1603 3530 1910 3589 animabus
1938 3533 2158 3591 uestriS.
2214 3531 2258 3565 ⁸⁰
2275 3534 2478 3608 iugum
2506 3533 2665 3591 enim
2694 3548 2889 3589 meum
2919 3547 3097 3588 suaue
3128 3540 3218 3589 est
3244 3538 3301 3588 et
3327 3547 3478 3589 onus
3507 3547 3704 3587 meum
3733 3528 3862 3587 leue
3888 3537 3991 3587 est.

984 3625 1123 3684 XII.
1163 3621 1183 3654 ¹
1206 3625 1277 3682 In
1327 3624 1425 3684 illo
1468 3633 1728 3701 tempore
1779 3623 1918 3682 abiit
1960 3624 2113 3683 iesus
2158 3627 2415 3685 sabbatis
2462 3644 2565 3702 per
2609 3635 2853 3699 segetes.
2935 3622 3200 3699 discipuli
3247 3633 3441 3682 autem
3491 3622 3618 3681 eius
3661 3622 3993 3681 esurientes.

984 3730 1303 3796 coeperunt
1334 3718 1543 3777 uellere
1583 3718 1771 3794 spicas
1809 3728 1869 3776 et
1894 3719 2266 3778 manducare.
2336 3717 2659 3796 'pharisaei
2697 3728 2891 3777 autem
2919 3717 3185 3775 uidentes
3214 3717 3481 3776 dixerunt
3510 3717 3581 3775 ei.
3652 3735 3792 3775 ecce
3821 3715 3993 3775 disci-

984 3813 1105 3891 puli
1145 3812 1230 3871 tui
1269 3812 1490 3872 faciunt
1531 3811 1690 3891 quod
1734 3829 1855 3872 non
1897 3812 2027 3873 licet
2068 3813 2255 3875 facere
2295 3813 2355 3878 in
2398 3814 2657 3873 sabbato.
2713 3812 2826 3875 ‘'ad
2863 3812 2955 3870 ille
2992 3810 3137 3870 dixit
3172 3810 3255 3870 eis
3290 3829 3412 3870 non
3443 3810 3663 3888 legistis
3696 3810 3835 3888 quid
3862 3808 3997 3869 fecit

985 3907 1163 3967 dauid
1203 3906 1443 3983 quando
1471 3906 1669 3966 esuriit
1696 3907 1820 3983 ipse
1857 3916 1913 3965 et
1951 3908 2051 3985 qui
2089 3926 2226 3966 cum
2264 3926 2337 3967 eo
2365 3918 2547 3967 erant.
2608 3908 2632 3940 ⁴
2653 3905 2954 3983 quomodo
2982 3906 3217 3964 intrabit
3245 3906 3306 3964 in
3334 3904 3575 3964 domum
3603 3903 3697 3963 dei
3728 3914 3786 3963 et
3813 3922 3994 3981 panes

985 4001 1397 4079 propositionis
1424 4000 1815 4059 manducauit.
1872 4019 2019 4077 quos
2047 4020 2168 4061 non
2207 4001 2416 4060 licebat
2443 4002 2497 4060 ei
2524 4000 2893 4059 manducare.
2941 4017 3133 4077 neque
3160 3999 3250 4058 his
3278 4000 3377 4077 qui
3405 4017 3540 4059 cum
3565 3999 3664 4057 illo
3690 4008 3855 4057 erant
3885 3999 3996 4057 nisi

987 4096 1126 4155 solis
1155 4093 1566 4155 sacerdotibus
1616 4094 1754 4152 “aut
1800 4113 1925 4154 non
1979 4094 2199 4171 legistis
2244 4096 2304 4152 in
2339 4094 2467 4171 lege
2509 4095 2646 4173 quia
2689 4094 2945 4152 sabbatis
2982 4092 3313 4153 sacerdotes
3349 4094 3411 4151 in
3439 4092 3659 4169 templo
3688 4093 3995 4151 sabbatum

989 4310 1121 4359 WX.
1188 4325 1282 4360 om.
1305 4314 1468 4367 peter
1488 4310 1557 4359 D.
1624 4307 1720 4358 oeli
1750 4315 1802 4358 et
1829 4316 1957 4359 terre
1978 4308 2060 4357 W.
2127 4309 2215 4374 qui
2241 4310 2387 4359 DET

989 4388 1130 4437 WZ*
1157 4387 1264 4448 (sed
1295 4390 1431 4444 quia
1462 4385 1563 4451 2⁸).
1630 4386 1964 4436 habscondisti
2001 4385 2062 4436 C.
2130 4403 2224 4437 one.
2258 4404 2294 4438 a
2323 4388 2388 4437 T.

986 4481 1082 4516 om.
1129 4470 1187 4514 et
1232 4470 1347 4529 post
1400 4467 1753 4523 sapientibus
1798 4464 1878 4513 R*
1924 4463 2001 4529 (4-
2030 4465 2091 4514 in
2137 4480 2233 4529 mg.
2280 4464 2389 4528 R1).

2665 4323 2710 4358 2.
2744 4307 2961 4373 pharisei
3028 4308 3201 4368 CLW,
3268 4307 3507 4373 phar-issei
3567 4308 3634 4367 D,
3704 4306 3871 4356 farisei
3933 4308 3995 4357 R.

2595 4389 2858 4438 uidentes
2895 4400 2930 4435 «ι-
2965 4385 3084 4436 illos
3128 4386 3276 4449 DLQ
3319 4402 3431 4436 cum
3469 4401 3503 4434 a
3524 4385 3666 4451 bcffi
3682 4401 3736 4449 gl
3761 4386 3813 4436 h.
3880 4387 3999 4436 Post

2597 4468 2868 4515 dixerunt
2888 4468 2982 4513 om.
2997 4468 3052 4514 ei
3076 4464 3134 4513 Β.
3202 4465 3381 4515 fatiunt
3399 4464 3480 4512 W.
3555 4472 3611 4521 >
3627 4464 3846 4514 sabbatis
3861 4465 3998 4529 quod

989 4544 1212 4610 pax-nolis
1234 4542 1296 4591 T.

1059 4621 1138 4671 26.
1172 4623 1469 4679 quomam:
1505 4620 1621 4685 quia
1641 4620 1797 4684 EQR.
1866 4620 2014 4669 hante
2032 4621 2105 4681 C;
2134 4636 2302 4671 coram
2321 4622 2388 4671 D.

1062 4709 1139 4763 27.
1172 4697 1329 4748 michi
1350 4698 1411 4747 T.
1479 4704 1570 4748 et:
1606 4699 1795 4761 tlapsu
1818 4697 1882 4748 V.
1950 4698 2069 4747 nissi
2095 4699 2160 4747 D.
2228 4701 2391 4757 quis:

991 4777 1253 4843 quisquam
1298 4777 1459 4841 DLQ.
1525 4776 1618 4825 nisi
1656 4775 1815 4826 filium
1855 4773 1937 4826 D*
1973 4777 2061 4826 sed
2091 4792 2220 4828 corr.
2286 4779 2389 4827 nol.

992 4856 1127 4907 filius
1150 4856 1282 4905 filins
1303 4856 1350 4904 E
1368 4854 1457 4903 sed
1469 4862 1578 4918 exp.
1594 4862 1680 4919 pr.

1064 4934 1139 4983 28.
1173 4932 1400 4982 honerati
1414 4932 1628 4992 CEZPO,
1645 4931 1877 4982 honorati
1893 4933 2103 4996 DLQR.
2160 4933 2392 4984 refficiam

1063 5102 1141 5150 30.
1176 5103 1360 5138 suanae
1401 5088 1461 5137 E.
1528 5086 1690 5138 honus
1740 5087 2106 5138 cDff-vLRT.
2171 5095 2257 5139 est
2304 5105 2393 5139 sec.

993 5183 1088 5218 om.
1113 5166 1500 5230 CDJLR(sed-1-
1521 5166 1639 5217 -t-in
1662 5165 1899 5231 mg.)TW
1918 5181 1997 5230 vg.
2021 5167 2230 5233 cumffl.

1063 5244 1185 5294 XII.
1220 5257 1262 5293 1.
1296 5243 1403 5293 abit
1437 5243 1498 5307 Q.
1567 5244 1733 5294 ihesus
1764 5244 1913 5307 plene
1945 5244 1988 5293 C
2023 5244 2142 5292 uide
2173 5245 2245 5292 ad
2278 5245 2311 5294 i.
2348 5257 2393 5293 1.

1003 5329 1061 5378 >
1080 5337 1169 5386 per
1223 5329 1335 5372 sata
1388 5321 1598 5371 sabbato
1652 5321 1742 5370 LR
1795 5336 1872 5385 vg.
1923 5320 2048 5386 (ἦ
2106 5322 2394 5383 sabbatho).

996 5407 1223 5449 autem:
1279 5399 1410 5449 enim
1456 5398 1517 5449 E.
1582 5397 1884 5450 hesurientes
1937 5399 2046 5461 ΟΕ,
2101 5400 2394 5450 essurientes

1000 5476 1159 5526 DLR.
1229 5483 1493 5543 caeperunt
1513 5476 1573 5539 L,
1596 5484 1829 5543 ceperunt
1850 5477 1947 5527 W:
1980 5493 2076 5528 om.
2105 5479 2169 5527 D.

2596 4558 2698 4592 non
2736 4541 2854 4592 lieet
2889 4542 2961 4591 eis
2998 4541 3157 4592 faeere
3191 4543 3254 4592 R.
3321 4546 3458 4593 lieet
3489 4546 3573 4592 eis
3606 4558 3771 4592 omnes
3804 4543 3997 4606 (contra

2590 4636 2827 4684 graecum
2851 4616 3063 4681 ἔξεστιν)
3086 4636 3201 4669 cum
3225 4621 3253 4671 b
3275 4637 3299 4668 c
3314 4636 3368 4685 g,
3393 4621 3427 4669 Ιι
3452 4621 3602 4670 laur.
3619 4621 3722 4683 gig.
3747 4637 3760 4670 ε
3794 4635 3888 4669 om.
3913 4623 3997 4670 eie

2596 4699 2694 4748 cod.
2728 4697 2888 4762 cat-af
2920 4697 2992 4759 ΘΞ,
3025 4699 3186 4748 Tisch.
3220 4715 3334 4748 cum
3350 4698 3450 4763 sd
3466 4715 3500 4763 q
3522 4700 3577 4761 (a
3598 4698 3750 4762 des.);
3783 4714 3877 4747 om.
3912 4703 3995 4749 eis

2597 4779 2784 4827 faeere
2826 4780 3075 4827 sabbatis
3107 4776 3179 4842 ff1
3228 4777 3385 4842 (quod
3429 4791 3530 4826 non
3569 4775 3687 4826 licet
3726 4775 3886 4826 facere
3921 4777 3997 4839 k).

2597 4857 2783 4904 faeere
2798 4866 2833 4902 4-
2849 4854 2900 4903 in
2924 4855 2988 4904 T.
3057 4855 3314 4904 sabbathis
3335 4853 3457 4919 ς’ξ.

2667 4945 2712 4993 3.
2747 4932 2836 4982 ille
2891 4940 3060 4983 autem
3112 4932 3240 4982 dixit
3295 4933 3358 4983 R.
3436 4935 3659 4990 legistis
3695 4945 3733 4982 4·
3768 4933 3887 4997 quia
3938 4934 3996 4982 E.

2598 5008 2802 5059 hesuriit
2827 5010 2886 5071 C,
2911 5010 3106 5060 essm-iit
3129 5013 3198 5071 D,
3219 5011 3372 5060 esurit
3395 5010 3505 5060 LR.
3573 5018 3748 5060 corant
3772 5011 3846 5060 M.

2665 5103 2714 5151 4.
2749 5103 2973 5152 proposs.
3000 5088 3113 5145 DR‚
3138 5104 3387 5153 praeposs.
3405 5089 3521 5149 ffL,
3547 5089 3911 5155 propositiones
3933 5090 3998 5141 X.

2599 5165 2816 5216 comedit
2864 5166 2963 5225 W;
3013 5167 3336 5216 manducauit
3377 5166 3435 5215 E.
3516 5182 3695 5224 quoe:
3750 5168 3886 5232 quod
3930 5165 3999 5215 Ζ*

2603 5243 2750 5307 (corr.
2787 5242 2866 5305 2¹)
2902 5260 2936 5293 a
2958 5244 2986 5293 b
3006 5245 3046 5293 d
3060 5245 3093 5293 k
3124 5260 3241 5295 aur.
3311 5244 3488 5295 hedere
3520 5245 3598 5305 C;
3642 5245 3900 5296 comedere
3934 5246 3997 5296 R.

2600 5320 2696 5369 hiis
2719 5322 2848 5372 EW.
2917 5322 3013 5372 soli
3038 5324 3095 5372 E.

2669 5414 2714 5464 5.
2749 5416 2868 5451 non
2889 5408 2998 5466 sup.
3021 5402 3114 5451 lin.
3138 5401 3201 5451 O.
3268 5400 3434 5465 legitis
3447 5401 3522 5450 T·
3546 5401 3653 5463 (sed
3666 5402 3845 5471 cor-r.);
3874 5400 4001 5464 legis

2603 5479 2663 5528 C.
2730 5478 2781 5528 in
2805 5478 2917 5543 lege
2939 5479 3002 5530 Θ.
3068 5483 3237 5539 quse:
3272 5482 3358 5544 qui
3379 5478 3448 5529 Ζ*
3475 5480 3582 5545 (sed
3606 5482 3775 5544 com).
3847 5486 3904 5536 >
3922 5494 3999 5529 ss·
