4717 6400
890 704 1042 749 xxx
1179 681 1733 743 PRAEFATIO.
1830 680 2025 743 CAP.
2088 679 2232 742 VII.
2321 678 2837 740 EDITIONES
2875 678 3172 741 ALJAE
3214 679 3633 743 CITATAE'.

1065 873 1131 935 in
1175 866 1386 935 forma
1431 869 1720 933 minima.
1813 866 2335 931 Emendationes
2383 888 2513 931 non
2561 888 2810 950 paucae
2856 889 2943 931 ex
2996 888 3235 951 graeco
3280 867 3718 945 inueniuntur,
3764 888 3817 932 e.
3831 886 3895 951 g.

1067 974 1263 1039 Matt.
1304 974 1414 1037 xii.
1463 991 1542 1057 31
1593 973 1899 1055 ‘spiritus
1943 981 2168 1035 autem
2215 969 2608 1053 blasphemia
2631 969 2676 1048 ;’
2730 973 2865 1034 xvi.
2899 987 2958 1051 9,
2997 989 3075 1033 10
3108 974 3423 1053 ‘quinque
3463 967 3785 1050 millium,'
3826 980 3898 1036 et

1064 1084 1386 1160 ‘quattuor
1406 1075 1688 1141 millium
1712 1075 1758 1152 ς’
1791 1075 1953 1138 Luc.
1974 1075 2016 1138 i.
2050 1093 2077 1136 1
2103 1079 2119 1107 ‘
2139 1095 2312 1156 quae
2335 1075 2507 1139 inter
2530 1096 2650 1138 nos
2652 1074 3029 1159 plenis-simp
3036 1074 3211 1158 fidei
3230 1087 3382 1139 sunt
3407 1096 3652 1152 rerum3
3673 1072 3689 1097 ’
3724 1097 3833 1140 xv.
3858 1076 3894 1138 8

1060 1183 1341 1246 ‘euerrit
1366 1178 1700 1254 domum3’
1752 1178 1891 1244 Ioh.
1913 1168 1998 1243 vi.
2024 1196 2106 1263 23
2131 1182 2147 1211 ‘
2165 1180 2417 1263 gratias
2446 1188 2673 1261 agente
2701 1177 3034 1257 domin03'
3069 1179 3210 1242 xxi.
3236 1196 3315 1243 12
3347 1179 3835 1263 ‘discipulorum
3852 1177 3895 1257 ς’

1065 1286 1152 1350 ib.
1181 1303 1263 1350 22
1288 1287 1385 1350 ‘si
1411 1304 1596 1360 eum3
1617 1283 1631 1309 '
1675 1283 1834 1348 Act.
1855 1282 2064 1346 xxvii.
2090 1293 2130 1361 5
2160 1282 2489 1347 ‘uenimus
2520 1282 2794 1365 Myram
2824 1303 2997 1366 quae
3027 1292 3127 1347 est
3153 1282 3403 1364 Lyciae
3425 1307 3441 1359 ;
3461 1283 3477 1310 ’
3515 1282 3687 1367 Eph.
3710 1285 3792 1346 vi.
3819 1300 3895 1365 13

1065 1394 1081 1421 ‘
1102 1399 1168 1453 et
1197 1388 1494 1454 omnibus
1505 1388 1821 1471 perfectis
1849 1397 2027 1452 stare
2051 1385 2097 1464 ;’
2144 1384 2418 1450 Philem.
2440 1403 2479 1467 9
2512 1390 2689 1452 ‘cum
2720 1388 2848 1451 sim
2873 1386 3058 1464 talis;
3080 1387 3093 1412 ’
3132 1405 3159 1448 1
3190 1386 3327 1450 Pet.
3361 1387 3425 1450 ii.
3455 1405 3534 1472 23
3569 1387 3896 1451 ‘tradebat

1063 1504 1289 1558 autem
1334 1492 1694 1556 uindictam
1741 1491 2053 1556 iudicanti
2100 1486 2341 1565 z'uste3’
2405 1491 2491 1553 iii.
2541 1488 2578 1550 8
2628 1497 2642 1523 ‘
2671 1491 2748 1553 In
2792 1511 3054 1554 summa
3112 1501 3380 1555 autem:
3443 1511 3677 1554 omnes
3738 1511 3897 1555 una-

1068 1596 1352 1673 nimes;’
1402 1614 1437 1659 2
1484 1595 1622 1659 Pet.
1656 1595 1717 1658 ii.
1756 1613 1827 1656 11
1887 1598 2053 1658 ‘non
2097 1603 2367 1676 portant
2411 1595 2766 1658 aduersum
2810 1615 2884 1658 se
2928 1593 3108 1676 apud
3143 1593 3479 1658 dominum
3525 1593 3899 1658 execrabile

1066 1700 1381 1764 iudicium
1408 1699 1462 1776 ;’
1535 1717 1559 1760 1
1624 1698 1767 1763 Ioh.
1831 1697 1912 1762 iv.
1969 1716 2007 1781 3
2069 1701 2084 1728 ‘
2108 1707 2176 1761 et
2242 1697 2457 1761 omnis
2509 1698 2779 1780 spiritus
2839 1699 2952 1779 qui
3011 1719 3139 1761 non
3197 1698 3538 1781 confitetur
3599 1697 3893 1763 IESVM

1071 1802 1316 1868 CHRI
1314 1802 1371 1866 S
1381 1802 1441 1865 T
1455 1802 1603 1866 VM
1626 1803 1697 1866 in
1725 1823 1921 1865 carne
1950 1802 2201 1865 uenisse
2230 1822 2318 1864 ex
2349 1803 2478 1865 deo
2509 1821 2641 1864 non
2671 1797 2813 1865 est.'

898 1924 993 1970 11.
1041 1906 1440 1971 Thielmann
1491 1905 1729 1970 Vivian
1763 1905 1945 1968 Paris
1986 1903 2163 1989 Aug.
2203 1916 2389 1988 1534,
2422 1906 2595 1969 Nou.
2628 1905 2813 1970 Test.
2846 1906 3077 1969 eadem
3121 1907 3352 1986 forma,
3383 1905 3564 1987 quod
3607 1906 3764 1968 item
3808 1925 3899 1967 ex

1062 2031 1300 2093 graeco
1330 2010 1755 2075 emendatum
1782 2010 2062 2085 uidetur,
2085 2009 2388 2090 quamuis
2411 2008 2570 2073 nihil
2591 2009 2676 2073 de
2698 2008 2824 2072 hac
2847 2009 3312 2073 emendatione
3338 2009 3590 2073 dictum
3614 2009 3716 2072 sit.
3785 2008 3899 2071 Ex

1064 2113 1226 2178 locis
1272 2114 1489 2177 citatis
1528 2114 1884 2178 concordat
1929 2132 2079 2177 cum
2117 2113 2320 2175 Iunta
2354 2112 2553 2178 Matt.
2584 2114 2700 2176 xii.
2733 2131 2836 2198 31,
2867 2112 3029 2177 Luc.
3061 2134 3173 2177 xv.
3209 2112 3263 2191 8,
3300 2110 3443 2177 Ioh.
3483 2112 3626 2176 xxi.
3661 2129 3742 2176 22
3778 2114 3896 2176 sed

1066 2237 1198 2281 non
1243 2216 1311 2280 in
1355 2214 1518 2280 aliis.
1607 2217 1773 2281 Luc.
1821 2217 1966 2279 xix.
2006 2230 2086 2299 37
2121 2226 2191 2280 et
2237 2214 2385 2280 Ioh.
2418 2218 2559 2281 xxi.
2609 2233 2687 2281 12
2730 2215 2893 2299 legit
2938 2226 3114 2282 recte
3150 2216 3601 2295 ‘dzscentz'um,'
3644 2226 3713 2280 et
3762 2215 3896 2281 Iac.

1068 2321 1155 2384 iii.
1191 2335 1226 2400 7
1261 2327 1276 2354 ‘
1297 2329 1365 2384 et
1393 2317 1713 2384 cetorum?

898 2443 996 2490 12.
1042 2425 1314 2489 Nouum
1361 2424 1868 2489 Testamentum
1915 2424 2047 2487 iam
2095 2424 2402 2506 quintum
2445 2424 2936 2489 accuratissima
2981 2445 3135 2488 cura
3181 2425 3589 2507 recognitum
3637 2444 3677 2487 a
3724 2424 3896 2488 DES.

1072 2528 1389 2592 ERASMO
1422 2528 1704 2591 ROTER.
1735 2548 1884 2592 cum
1914 2528 2455 2592 annotationibus
2484 2528 2799 2605 eiusdem,
2832 2528 3114 2605 Froben,
3140 2527 3458 2607 Basileae,
3495 2539 3659 2612 1535
3690 2529 3756 2592 in
3786 2527 3897 2593 sol.

899 2650 994 2716 13.
1046 2627 1250 2719 [Rob.
1305 2631 1692 2714 Stephanus,
1744 2632 2008 2695 Parisiis
2063 2643 2227 2711 1545
2282 2633 2349 2695 in
2395 2638 2467 2709 4⁰
2512 2632 2770 2695 minori.
2861 2631 3079 2697 Biblia
3125 2632 3366 2697 Latina
3410 2653 3561 2697 cum
3603 2632 3898 2696 uersione

1069 2735 1388 2821 Tigurina
1434 2745 1502 2800 et
1550 2737 1724 2800 notis
1772 2735 2041 2801 Uatabli
2090 2730 2614 2823 marginalibus]
2709 2735 3079 2819 Exemplar
3122 2735 3341 2800 habeo
3387 2757 3520 2800 uno
3565 2735 3899 2800 uolumine

1070 2841 1614 2922 comprehensum
1668 2861 1820 2904 cum
1868 2839 1996 2903 hoc
2049 2839 2247 2904 titulo
2300 2838 2558 2903 ‘Biblia
2615 2838 2822 2903 Sacra
2873 2861 2961 2903 ex
3013 2841 3322 2905 omnibus
3368 2840 3895 2904 orthodoxorum

1071 2943 1631 3008 lucubrationibus
1661 2942 1997 3025 recognita
2033 2939 2047 3027 Ι
2088 2942 2388 3008 Uenetiis
2424 2943 2601 3026 apud
2635 2942 2901 3007 Petrum
2936 2943 3254 3008 Nicolinis
3286 2946 3370 3009 de
3401 2943 3693 3008 Sabellio
3723 2964 3897 3007 anno

1074 3045 1348 3111 M.D.L1.'
1440 3047 1643 3111 Liber
1672 3058 1894 3111 tamen
1928 3065 2107 3111 mere
2139 3046 2579 3129 Stephanicus
2609 3056 2729 3110 est.
2848 3043 2856 3051 ’

902 3169 1000 3230 14.
1050 3150 1225 3217 Rob.
1263 3150 1649 3234 Stephanus,
1680 3151 1943 3216 Parisiis
1992 3151 2155 3232 1546
2188 3150 2253 3232 in
2295 3150 2451 3215 folio
2481 3147 2719 3237 (editio
2761 3172 2846 3216 ex
2890 3152 3147 3236 optima
3187 3152 3328 3217 eius
3365 3152 3529 3235 1538
3573 3147 3899 3238 repetita),

1071 3276 1269 3337 quem
1299 3253 1540 3319 librum
1573 3256 1640 3318 in
1669 3256 1795 3321 hac
1824 3254 2115 3320 editione
2146 3275 2408 3338 semper
2436 3256 2719 3320 citamus
2749 3256 2876 3320 sub
2905 3255 3075 3340 siglo
3111 3275 3160 3325 ‹2-
3189 3277 3253 3340 q.
3272 3278 3333 3322 v.

904 3372 1004 3439 15.
1053 3357 1336 3423 Iacobus
1371 3357 1624 3423 Ginnta
1658 3357 1873 3442 Lugd.
1910 3357 2076 3438 1548
2108 3359 2173 3423 ἰ11
2205 3358 2386 3434 folio,
2417 3358 2526 3422 uel
2570 3358 2789 3423 forsan
2831 3360 3054 3442 potius
3093 3361 3247 3423 anni
3298 3360 3464 3438 1546
3496 3357 3899 3446 (excudebat

1073 3461 1505 3526 Theobaldus
1566 3459 1917 3547 Paganus).
2030 3461 2414 3527 Secundum
2478 3461 2965 3528 Uercellonium
3021 3463 3218 3529 refert
3275 3466 3380 3528 ed.
3430 3462 3895 3547 Stephanicam

1077 3565 1337 3629 Parisiis
1374 3579 1560 3648 1532.

905 3672 1003 3738 16.
1052 3670 1228 3735 Rob.
1264 3667 1651 3752 Stephanus,
1689 3681 1855 3751 1555
1886 3669 1951 3733 in
1984 3670 2054 3732 8ο
2082 3665 2488 3754 (excudebat
2522 3670 2821 3735 Roberto
2869 3669 3210 3754 Stephano
3243 3669 3588 3736 Conradus
3635 3671 3900 3749 Badius,

1074 3795 1253 3839 anno
1287 3786 1559 3838 M.D.LV.
1589 3773 1699 3837 viii
1733 3774 1880 3837 idus
1909 3769 2210 3858 Aprilis).
2302 3773 2520 3838 Biblia
2552 3775 2765 3858 prima
2806 3794 2954 3838 cum
2996 3775 3293 3838 uersibus
3333 3774 3666 3840 hodiernis
3700 3776 3902 3848 edita,

1074 3897 1358 3963 quorum
1400 3897 1708 3942 numeros
1753 3877 1817 3940 in
1863 3876 1986 3943 hac
2036 3878 2325 3943 editione
2377 3879 2730 3961 sequimur.
2820 3878 3171 3943 Lectiones
3218 3879 3437 3943 uariae
3488 3879 3556 3943 in
3603 3879 3900 3963 margine

1074 3982 1423 4046 adduntur.

909 4100 1006 4169 17.
1050 4084 1260 4169 Apud
1297 4086 1612 4149 Ioannem
1642 4085 2042 4150 Frellonium
2064 4086 2392 4171 Lugduni·
2413 4086 2577 4166 1556
2611 4085 2677 4149 ἰ11
2704 4085 2792 4147 8⁰.
2866 4092 2881 4120 ‘
2906 4085 3107 4150 quta
3126 4085 3465 4170 vulgatam
3499 4081 3903 4152 editionem.'

1078 4189 1571 4272 Typographus
1602 4190 1668 4253 in
1701 4189 1984 4273 epistola
2012 4192 2098 4255 ad
2124 4191 2435 4256 lectorem
2467 4190 2558 4253 ait
2590 4197 2604 4225 ‘
2628 4188 2800 4253 Dein
2829 4209 3002 4272 quae
3030 4191 3116 4254 ad
3150 4209 3482 4255 sacrarum
3505 4211 3697 4255 sensa
3726 4191 3903 4263 liter·

1079 4295 1300 4356 ‘arum
1334 4293 1665 4376 pertinere
1701 4295 1841 4357 visa
1882 4302 2034 4357 sunt
2075 4314 2208 4357 non
2244 4295 2623 4366 emissurus,
2654 4313 2879 4357 versus
2907 4291 3237 4375 quoslibet
3282 4296 3615 4358 notandos
3658 4295 3904 4359 curavi.

1079 4396 1317 4479 ‘Quod
1351 4416 1485 4459 non
1527 4396 1665 4460 sine
1706 4397 2016 4461 Numinis
2061 4406 2226 4460 nutu
2272 4397 2460 4460 initio
2496 4396 2761 4476 sactum,
2790 4405 2991 4478 atque
3034 4397 3100 4458 in
3145 4395 3315 4461 hanc
3358 4417 3565 4480 vsque
3608 4408 3901 4462 nostram

1084 4506 1100 4533 ‘
1120 4500 1407 4582 putarim
1441 4509 1870 4583 prorogatum
1914 4510 2224 4578 aetatem,
2254 4520 2390 4583 quo
2420 4498 2727 4564 videlicet
2766 4520 2958 4563 sensa
2988 4499 3151 4583 ipsa,
3183 4501 3380 4564 certis
3416 4501 3728 4565 distincta
3757 4521 3903 4565 ver-

1081 4607 1098 4635 ‘
1118 4603 1318 4679 sibus,
1367 4623 1562 4666 verae
1621 4602 2031 4688 Theologiae
2087 4604 2403 4669 studiosis
2461 4613 2529 4667 et
2587 4602 2823 4668 clarius
2869 4603 3373 4680 innotescerent,
3423 4615 3493 4668 et
3551 4604 3906 4669 memoriae

1081 4706 1366 4771 ‘facilius
1404 4706 1913 4771 mandarentur!
2006 4707 2112 4772 De
2157 4707 2458 4772 Roberto
2502 4706 2846 4791 Stephano
2878 4728 2960 4770 ne
3006 4708 3283 4771 uerbum
3326 4708 3615 4790 quidem.
3703 4705 3907 4792 Typo

1085 4811 1296 4875 nitido
1325 4820 1391 4874 et
1423 4811 1677 4874 minuto
1709 4830 1993 4875 excusus
2024 4821 2125 4875 est
2154 4811 2326 4876 liber
2355 4821 2423 4876 et
2456 4832 2681 4875 uersus
2711 4811 3029 4876 hodierno
3066 4831 3247 4874 more
3278 4812 3774 4875 distribuuntur.

917 4913 1016 4980 18.
1064 4915 1144 4979 In
1190 4914 1447 4979 officina
1491 4914 1850 4979 haeredum
1898 4915 2125 4980 Lucae
2168 4917 2451 4981 Antonii
2496 4916 2750 4993 Iuntae,
2787 4914 3086 4979 Uenetiis
3139 4925 3323 4994 1557,
3354 4933 3577 4977 mense
3623 4913 3797 4978 Iulio
3840 4915 3906 4979 in

1085 5017 1244 5083 folio
1288 5038 1440 5083 cum
1485 5017 1661 5083 notis
1704 5017 1954 5083 Isidori
2002 5018 2217 5085 Clarii
2251 5019 2548 5083 Brixiani
2597 5018 2910 5101 Episcopi
2958 5018 3014 5080 F
3017 5016 3446 5102 ulginatensis
3489 5038 3577 5081 ex
3620 5021 3911 5084 secunda

1086 5123 1225 5187 eius
1255 5121 1694 5205 recognitione
1720 5119 1856 5208 (De
1887 5123 2100 5207 prima
2128 5124 2422 5188 editione
2454 5123 2688 5187 Isidori
2726 5121 2925 5187 Clarii
2960 5121 3259 5185 Uenetiis
3296 5133 3460 5200 1542
3492 5121 3559 5185 in
3588 5121 3698 5187 fol.
3727 5124 3910 5207 apud

1090 5225 1358 5288 Petrum
1407 5224 1762 5304 Schoeffer,
1792 5227 1952 5291 dicit
1986 5226 2448 5291 Uercellonius
2495 5232 2687 5289 ‘usus
2731 5234 2831 5290 est
2878 5226 2981 5288 ed.
3013 5225 3138 5289 sub
3185 5244 3245 5286 11.
3291 5224 3374 5318 58
3407 5220 3475 5308 (i.
3493 5246 3549 5289 e.
3590 5223 3910 5309 Stephani

1092 5337 1109 5365 ‘
1138 5327 1331 5413 1528)
1358 5337 1430 5392 at
1460 5329 1787 5411 permulta
1816 5340 2064 5394 temere
2092 5331 2289 5394 nimis
2320 5329 2700 5395 reformauit
2723 5326 2783 5416 ’).

920 5453 1025 5522 19.
1070 5433 1280 5515 Apud
1311 5431 1627 5497 haeredes
1659 5432 1938 5498 Carolae
1969 5432 2268 5499 Guillard
2300 5434 2538 5500 uiduae
2568 5434 2903 5518 quondam
2941 5431 3202 5499 Claudii
3251 5431 3665 5499 Cheuallonii
3710 5433 3909 5498 Paris·
